2417 3023
1034 127 1329 166 -24—

223 249 399 281 strorum
427 257 471 281 ac
498 248 658 295 patrum
693 242 892 280 rationein
933 243 1116 295 aperuit,
1161 257 1335 296 quorum
1380 244 1463 284 illis
1491 260 1599 284 nune
1628 259 1771 284 vanam
1803 248 2132 296 ostentationem,

225 329 334 354 nunc
365 312 587 353 officiorum
621 311 893 352 desertionem
928 327 1010 352 non
1037 313 1308 354 excusandam
1338 315 1614 371 exprobrare,
1648 315 1714 356 his
1741 322 1875 356 autem
1904 317 2007 358 illud
2038 318 2136 357 vitio

223 379 379 426 vertere
422 400 503 425 non
544 385 774 432 dubitavit,
833 385 942 440 quod
987 385 1163 426 fucatam
1205 388 1359 442 magis,
1418 403 1539 443 quam
1574 402 1706 428 veram
1739 386 2010 428 eruditionem
2043 389 2137 429 filiis

223 458 308 496 suis
347 463 616 511 appeterent,
662 471 885 510 corumque
927 456 1241 496 declamationes
1286 465 1548 498 numerarent
1584 459 1744 512 potius,
1791 472 1913 513 quam
1951 461 2137 499 aestima·

224 534 316 568 rent
338 527 411 584 ²²).
478 528 566 568 Nec
599 530 745 567 restitit
778 529 819 566 in
848 527 1119 581 vituperando
1139 555 1151 576 ,
1195 527 1266 566 sed
1297 529 1390 566 iniit
1420 527 1657 577 meliorem,
1700 535 1743 568 ut
1774 528 1903 569 dicam
1935 536 2137 580 accurate,

226 601 331 639 viam
366 601 485 639 unice
519 612 665 638 veram.
734 597 840 650 Quis
880 606 941 638 est
977 599 1116 646 enim,
1163 598 1233 652 qui
1267 596 1425 637 dubitet
1452 612 1548 636 suas
1584 598 1716 638 facere
1743 599 1871 649 duas,
1916 613 2017 653 quas
2048 613 2140 652 prod

225 670 390 724 posuit,
425 668 537 723 leges
556 696 568 717 ,
601 683 719 707 unam
740 697 752 716 ,
788 670 900 708 omni
933 670 1184 723 praeceptori
1214 668 1452 724 fingendum
1482 684 1597 718 esse,
1640 668 1915 709 Alexandrum
1944 668 2030 708 dari
2062 667 2142 708 sibi

226 741 461 794 impositum
493 741 648 794 gremio
673 740 756 791 23),
791 740 988 790 alteram,
1029 740 1276 794 discipulum
1311 743 1362 781 ita
1395 756 1483 781 esse
1514 739 1834 790 instituendum,
1881 747 1925 780 ut
1959 741 2018 779 vir
2049 753 2141 779 vere

227 813 388 865 sapiens
429 812 459 850 i.
490 826 531 850 e.
577 827 658 851 nou
707 811 826 851 inodo
864 813 1059 861 scicntia,
1107 812 1179 851 sed
1224 813 1341 851 etiam
1386 809 1569 851 moribus
1612 809 1816 865 perfectus
1855 810 2045 852 evaderet
2067 809 2140 866 2⁴),

229 897 400 938 quarum
441 883 571 935 prima
614 882 878 930 methodum,
922 882 1046 921 altera
1081 896 1283 921 summum
1327 881 1498 921 docendi
1538 881 1662 921 finem
1700 881 1884 935 spectat?
1955 881 2143 933 Quantus

233 953 413 1009 denique
442 967 647 1008 quamque
686 954 947 1007 incorruptus
980 967 1071 992 eum
1105 954 1237 992 tenuit
1269 951 1562 1007 discipulorum
1594 968 1761 993 suorum
1793 969 1929 1005 amor,
1974 954 2141 1009 quibus,

233 1042 360 1080 quum
397 1027 475 1064 iam
509 1024 664 1079 pridem
699 1039 848 1063 munus
880 1024 1168 1064 scholasticum
1203 1023 1453 1075 abdicasset,
1493 1024 1706 1066 consulere
1737 1027 2026 1079 perseveravit.

420 1096 595 1136 Nomina
640 1097 863 1146 iuvenum,
906 1111 1009 1151 quos
1048 1095 1324 1135 instituendos
1354 1098 1561 1150 suscepit,
1607 1110 1734 1149 pauca
1766 1103 1923 1135 tantum
1957 1098 2144 1138 innotue-

231 1175 340 1207 runt.
407 1168 511 1208 Nam
555 1175 714 1222 praeter
756 1169 804 1208 C.
856 1168 1032 1208 Plinium
1075 1168 1300 1208 Caecilium
1346 1166 1580 1208 Secundum
1603 1166 1657 1222 25)
1704 1175 1954 1223 nepotesque
1995 1170 2148 1209 sororis

232 1240 456 1280 Domitiani
492 1240 669 1293 Augusti
694 1238 749 1293 ²⁶)
782 1240 831 1279 dc
862 1240 954 1280 aliis
989 1255 1071 1280 non
1104 1245 1263 1296 constat
1283 1237 1356 1295 ⁶2⁷).
1432 1239 1513 1280 Sed
1546 1255 1597 1281 ne
1628 1254 1732 1295 opus
1763 1238 1928 1294 quidem
1959 1246 2021 1279 est
2055 1239 2145 1294 plu-

233 1310 361 1351 ribus.
438 1311 603 1351 Etenim
635 1326 762 1366 quum
792 1310 835 1350 hi
868 1310 1020 1351 illustri
1052 1311 1136 1350 sint
1167 1311 1429 1361 testimonio,
1470 1313 1673 1351 neminem
1706 1310 1776 1350 illa
1804 1317 1933 1350 aetate
1959 1317 2147 1351 ornatum

235 1397 323 1422 esse
357 1383 508 1421 maiore
538 1381 619 1420 fide
652 1381 842 1436 famaque
875 1382 1043 1422 laetiore
1084 1395 1166 1420 non
1204 1381 1335 1420 solum
1376 1382 1484 1434 apud
1524 1384 1662 1432 cives,
1709 1381 1781 1420 sed
1816 1383 1951 1434 ipsum
1983 1397 2147 1437 quoqne

238 1455 495 1509 principem,
543 1453 612 1494 ille
647 1460 685 1494 et
719 1460 904 1503 matura,
954 1468 1032 1507 qua
1070 1450 1242 1501 claruit,
1287 1450 1430 1490 orandi
1464 1451 1657 1505 facultate
1680 1450 1757 1507 28),
1806 1457 1847 1491 et
1884 1450 2028 1501 libris,
2076 1453 2147 1506 qui

239 1524 363 1565 hodie
396 1531 584 1574 exstant,
631 1523 934 1579 elegantissime
963 1522 1125 1576 scriptis
1158 1520 1276 1561 facile
1304 1520 1423 1561 nobis
1453 1521 1692 1576 persuadet,
1725 1520 1845 1561 fidem
1878 1522 1994 1561 istam
2025 1528 2148 1576 atque

235 1596 381 1635 famam
416 1610 497 1633 non
531 1594 657 1634 fuisse
685 1594 945 1633 immeritam.

431 1668 508 1706 Per
538 1668 686 1720 viginti
719 1680 846 1705 annos
879 1680 1047 1704 munere
1078 1665 1355 1720 praeceptoris
1387 1663 1553 1704 functus
1591 1670 1653 1705 est
1667 1664 1751 1720 ²9);
1799 1677 1873 1704 nec
1912 1662 2067 1703 diutius
2107 1663 2150 1701 in

237 1738 326 1777 toro
369 1737 531 1777 videtur
568 1738 746 1786 dixisse,
796 1751 921 1791 quum
957 1750 1074 1776 secus
1112 1750 1158 1776 ac
1189 1736 1391 1776 Domitius
1432 1735 1532 1773 Afer
1559 1736 1888 1775 honestissimum
1919 1733 2041 1774 finem
2074 1748 2148 1788 pu-

237 1814 340 1848 taret
370 1808 585 1857 desinere,
629 1808 725 1847 dum
759 1806 1086 1853 desideraretur,
1138 1821 1210 1846 nec
1241 1807 1358 1859 peius
1397 1805 1621 1859 quidquam
1662 1806 1795 1845 facere
1830 1804 1975 1852 vellet,
2027 1818 2148 1857 quam

239 1879 401 1918 fecisset
421 1878 492 1931 3⁰).
558 1876 737 1929 Quando
770 1876 903 1915 autem
936 1877 977 1915 in
1012 1876 1101 1916 foro
1128 1891 1216 1915 esse
1248 1884 1287 1916 et
1318 1876 1496 1915 scholam
1528 1875 1746 1915 iuvenibus
1776 1876 1934 1929 aperire
1963 1876 2148 1914 institue-

239 1950 314 1998 rit,
365 1963 446 1987 non
491 1948 626 1986 minus
667 1945 887 1986 obscurum
928 1954 1016 1996 est,
1062 1962 1182 2001 quam
1225 1962 1308 2001 quo
1343 1961 1451 1985 anno
1485 1947 1693 1999 impetrata
1726 1947 1862 2001 quiete
1892 1946 1979 1985 suis
2003 1944 2150 1985 studiis

240 2033 329 2058 sese
355 2017 528 2056 dederit.
593 2016 830 2056 Dodwellus
849 2017 904 2068 3¹)
931 2024 971 2056 et
999 2018 1068 2070 qui
1102 2032 1193 2056 eum
1226 2023 1457 2069 sequuntur
1482 2030 1611 2054 annos
1640 2015 1732 2054 illos
1764 2016 1910 2070 viginti
1941 2029 2148 2055 arcessen-

241 2089 314 2128 dos
345 2094 490 2142 putant
521 2086 572 2126 ab
603 2101 710 2127 anno
750 2101 866 2126 aerae
895 2085 1150 2127 Christianae
1176 2084 1235 2125 68
1276 2093 1474 2136 exeunte,
1522 2086 1790 2141 desint-reque
1821 2085 1922 2125 adeo
1952 2099 2060 2124 auno
2089 2083 2150 2122 88

243 2160 331 2213 ipso
365 2172 530 2212 quoque
575 2163 766 2196 exeunte.
843 2158 1086 2212 Hieronymi
1126 2159 1383 2212 potissimum
1419 2158 1653 2197 testimonio
1692 2158 1904 2208 nituntur,
1948 2157 2019 2210 qui
2061 2155 2149 2195 loco

267 2374 315 2403 22)
360 2371 435 2399 lma.
461 2378 527 2400 orat
559 2372 587 2406 2,
611 2375 637 2401 7.
667 2373 695 2406 2,
724 2374 748 2406 Ι,
776 2375 798 2401 1.
831 2374 876 2407 10,
901 2375 931 2407 5),
956 2374 986 2402 2¹
1004 2382 1071 2409 sqq.
1242 2372 1289 2403 23)
1334 2371 1408 2401 inst.
1433 2378 1511 2401 orat.
1540 2374 1574 2408 1,
1600 2374 1633 2408 1,
1660 2372 1708 2402 24.

268 2427 319 2460 21)
364 2423 441 2452 lust.
465 2430 541 2451 orat.
569 2425 597 2454 l.
624 2433 762 2461 prooem.
792 2425 825 2452 18
848 2433 915 2460 sqq.
963 2427 1013 2460 w,
1037 2425 1070 2454 2.
1093 2428 1120 2453 9Δ
1147 2425 1193 2453 2³⁷
1240 2424 1293 2459 ¹2,
1320 2426 1352 2458 Ι,
1378 2426 1402 2452 1.

269 2480 319 2512 23)
365 2478 441 2507 Plin
477 2486 549 2514 epp.
574 2478 606 2507 2.
633 2479 674 2506 Η.
719 2479 753 2512 6,
775 2478 801 2507 6.
1239 2476 1289 2508 26)
1333 2474 1409 2505 Inst.
1434 2482 1513 2504 orat.
1538 2476 1573 2509 4,
1596 2483 1738 2513 prooem.
1762 2476 1787 2504 2.

270 2533 322 2567 27)
363 2531 443 2560 Sunt
467 2528 521 2565 qui
545 2528 754 2561 arbitremur,
790 2529 971 2558 {menan-m
993 2538 1121 2566 quoque
1145 2528 1339 2565 discipulum
1362 2529 1431 2557 eius
1455 2528 1559 2557 fuisse.
1603 2529 1642 2557 V.
1669 2529 1895 2567 praefationem
1920 2528 2036 2565 Angeli
2063 2528 2151 2557 Poli-

363 2582 439 2612 tiani
464 2582 495 2611 in
524 2582 566 2611 M.
592 2582 683 2612 Fabii
706 2583 897 2614 Quintiliani
922 2584 994 2613 inst.
1018 2590 1096 2613 orat.

271 2639 322 2670 25)
367 2635 451 2665 Plin.
477 2645 551 2674 epp.
575 2638 609 2671 5,
630 2637 662 2671 8,
687 2638 711 2664 ⁴9-
758 2637 1009 2667 Undevicesiino
1032 2637 1143 2666 aetatis
1165 2643 1246 2665 anno
1266 2635 1375 2663 dit-ere
1397 2636 1427 2662 in
1452 2634 1522 2662 foro
1545 2632 1648 2670 coepi.

270 2695 319 2717 2³1
365 2689 440 2717 inst.
463 2696 531 2717 orat
565 2691 591 2724 1,
618 2698 759 2726 prooem.
787 2693 808 2718 ΙΔ
1235 2692 1285 2725 30)
1328 2689 1404 2718 inst.
1430 2694 1508 2718 orat.
1530 2688 1566 2722 2,
1593 2687 1646 2722 1¹2,
1673 2685 1718 2714 12.
1764 2685 1817 2718 12,
1845 2686 1899 2719 ΙΙ,
1925 2687 1949 2714 1.

273 2745 322 2771 31.
369 2740 484 2771 Dodw.
516 2741 523 2769 Ι
560 2752 586 2770 c.
615 2741 639 2777 ᾗ.
666 2743 699 2770 12
