2417 3023
1038 144 1325 185 -9-

228 261 318 301 rulo
350 260 600 312 disputatum
627 272 717 298 esse
748 258 1031 311 Quintilianus
1075 260 1246 301 dixisset
1289 262 1439 301 rectius
1479 288 1536 293 -—
1578 276 1745 302 necesse
1790 267 1853 302 est
1897 260 2021 301 huius
2061 263 2130 302 ad-

229 330 393 372 modum
450 329 683 371 iuvenilitas
738 330 864 372 fuerit
915 337 1008 386 post
1058 345 1209 372 annum
1253 329 1344 384 50,
1375 333 1455 373 'ita
1498 338 1663 384 tamen,
1720 339 1766 373 ut
1808 332 1933 374 finem
1978 333 2133 387 ceperit

228 409 322 442 ante
361 417 512 443 aunum
538 401 613 443 58.
679 405 767 444 Hoc
806 404 916 442 enim
950 417 1060 441 anno
1098 401 1396 441 adolescentem
1434 417 1523 442 sese
1564 403 1643 442 iam
1681 403 1807 443 fuisse
1838 406 1926 458 ipse
1960 410 2133 444 testatur

225 474 346 514 tertio
381 473 592 526 locorum,
648 488 752 529 quos
803 471 900 512 huie
954 472 1053 511 anni
1099 470 1245 512 natalis
1295 471 1525 513 definitioni
1569 471 1824 513 adhibendos
1876 475 2127 527 putavimus.

225 543 328 585 Nam
369 546 413 584 in
454 546 585 599 capite
628 544 762 598 primo
803 541 897 582 libri
942 544 1046 583 sexti
1096 541 1287 599 (§.14)
1348 543 1657 596 Quintilianus:
1707 543 1921 599 Egregie,
1976 547 2129 600 inquit,

227 619 344 658 nobis
384 616 713 656 adolescentibus
753 615 905 656 dixisse
939 621 1148 656 accusator
1178 614 1412 654 Cossutiani
1440 616 1651 669 Capitonis
1694 614 1933 666 videbatur,
1985 631 2131 671 graece

225 688 420 743 quidem,
473 686 545 728 sed
577 688 619 727 in
656 686 768 728 hunc
798 700 987 726 sensum:
1047 683 1295 725 -Erubescis
1326 685 1539 726 Caesarem
1572 687 1729 727 timere.
1749 706 1762 723 ι
1839 686 2129 727 Cossutianum

223 757 288 798 bis
318 757 632 813 repetundarum
664 761 895 797 accusatum
926 754 1102 810 legimus
1132 755 1240 809 apud
1272 756 1489 807 Tacitum,
1523 758 1700 811 primum
1735 759 1782 797 C.
1819 756 1984 796 Valerio
2016 758 2129 796 Asia·

222 830 328 879 tico,
372 829 431 867 M.
465 829 632 868 Valerio
661 826 836 866 Messala
864 825 981 865 Coss.
1002 853 1015 876 ,
1061 840 1170 865 anno
1202 824 1287 876 47,
1328 841 1380 865 ex
1415 827 1507 881 lege
1537 827 1707 877 Cincia,
1740 842 1818 881 qua
1849 834 2013 867 cautum
2045 835 2133 867 erat

222 900 463 955 antiquitus,
498 914 547 939 ne
574 898 668 953 quis
690 895 742 938 ob
768 911 952 938 caussam
980 896 1172 937 orandam
1202 899 1413 952 pecuniam
1440 897 1645 938 donumve
1669 898 1872 952 acciperet
1887 898 1960 953 ².⁰)·
2014 899 2128 950 Post,

221 970 385 1011 Nerone
417 969 664 1020 secundum,
701 971 746 1009 L.
778 970 925 1009 Pisone
956 968 1095 1019 Coss.,
1136 983 1245 1008 anno
1273 966 1351 1019 58,
1387 969 1535 1010 Cilices
1562 985 1653 1010 eum
1687 970 1924 1011 detulerunt
1954 972 2129 1011 maculo-

223 1057 313 1082 sum
345 1041 593 1096 foedumque
624 1046 664 1080 et
693 1039 799 1080 idem
829 1040 893 1078 ius
924 1038 1117 1079 audaciae
1147 1039 1191 1078 in
1222 1040 1433 1093 provincia
1465 1046 1623 1091 ratum,
1663 1040 1775 1096 quod
1808 1042 1851 1080 in
1883 1039 1984 1081 urbe
2015 1055 2130 1081 exer-

222 1112 455 1168 cuerat21).
518 1111 712 1151 Caussam
743 1125 840 1150 vero
866 1111 1043 1163 priorem
1071 1125 1093 1149 a
1121 1109 1380 1161 Quintiliano
1407 1111 1654 1151 intellectam
1683 1126 1765 1150 non
1793 1126 1883 1152 esse
1910 1111 2130 1152 verisimile

222 1189 313 1231 est,
368 1197 495 1236 quum
537 1187 719 1233 tempora
762 1196 903 1234 parum
944 1181 1218 1229 conveniant,
1261 1196 1336 1221 nec
1369 1180 1640 1223 Cossutianus
1681 1185 1847 1238 proprie
1884 1190 1984 1224 tunc
2013 1198 2130 1224 accu-

222 1260 333 1294 satus
369 1253 437 1294 sit.
513 1251 596 1294 Sed
626 1251 773 1293 consul
802 1251 1042 1309 designatus
1072 1250 1121 1291 C.
1154 1249 1310 1303 Silius,
1356 1266 1483 1307 quum
1514 1251 1684 1294 vidisset
1714 1252 2002 1294 advocatorum
2034 1260 2131 1295 tunc

221 1323 688 1380 temporisperfidiam,
728 1324 837 1379 apud
870 1326 1011 1365 Patres
1049 1323 1182 1378 legem
1211 1323 1390 1362 Cinciam
1418 1323 1690 1379 flagitaverat.
1766 1325 1861 1377 Quo
1891 1326 2000 1366 facto
2031 1327 2130 1366 Cos·

222 1397 407 1435 sutianus
438 1397 591 1451 aliique
620 1397 832 1446 advocati,
879 1399 952 1452 qui
982 1412 1066 1437 non
1095 1395 1321 1445 iudicium,
1366 1397 1520 1450 quippe
1545 1398 1588 1436 in
1620 1397 1881 1449 manifestos,
1932 1396 2004 1437 sed
2035 1412 2129 1451 poe·

223 1481 314 1506 nam
341 1467 466 1507 statui
503 1466 714 1519 viderent,
766 1468 1125 1508 circumsteterunt
1154 1465 1370 1506 Caesarem
1411 1473 1504 1507 ante
1542 1473 1630 1508 acta
1674 1467 1957 1522 deprecantes.
2042 1465 2131 1507 Nec

222 1535 436 1576 damnatus
465 1543 542 1577 est.
610 1538 762 1579 Caesar
800 1540 909 1579 enim
952 1537 1161 1593 capiendis
1201 1538 1388 1591 pecuniis
1419 1539 1557 1591 posuit
1585 1537 1750 1577 modum
1782 1551 1913 1592 usque
1942 1537 1994 1576 ad
2024 1536 2129 1576 dena

220 1609 431 1658 sestertia,
465 1624 586 1663 quem
614 1613 768 1665 egressi
794 1610 1111 1665 repetundarum
1138 1614 1389 1647 tenerentur.
1455 1608 1606 1645 Contra
1633 1622 1680 1646 ea
1706 1607 1831 1647 altera
1858 1621 2000 1646 caussa
2024 1604 2129 1645 bene

220 1692 313 1717 cum
344 1677 603 1729 Quintiliano
633 1681 840 1719 convenit.
903 1678 1092 1731 Namque
1123 1691 1252 1730 quum
1284 1675 1434 1715 Cilices
1462 1683 1729 1726 accusarent,
1767 1676 1859 1716 fleri
1886 1677 2044 1730 potuit,
2086 1683 2131 1716 ut

220 1746 440 1788 advocatus
472 1763 610 1789 eorum
642 1749 801 1790 Graeco
831 1761 1019 1789 sermone
1045 1751 1254 1798 uteretur3
1296 1752 1337 1786 et
1366 1761 1499 1787 mores
1530 1747 1766 1787 Cossutiani
1801 1746 1911 1801 apud
1941 1747 2128 1787 Tacitum

220 1820 275 1858 ita
317 1817 634 1870 describuntur,
680 1827 725 1859 ut
762 1834 855 1859 cum
887 1816 1023 1858 verbis
1054 1817 1300 1856 accusatoris
1327 1816 1436 1870 apud
1466 1817 1770 1868 Quintilianum
1801 1816 1922 1857 facile
1952 1815 2126 1870 conjun-

220 1897 385 1945 gantur.
459 1890 537 1931 Hie
578 1891 686 1931 enim
723 1889 999 1945 arrogantiam
1042 1888 1080 1927 ei
1119 1887 1219 1927 vitio
1255 1889 1400 1939 vertit,
1447 1887 1595 1929 Cilices
1632 1895 1767 1930 autem
1803 1887 1913 1943 apud
1941 1887 2127 1929 Tacitum

220 1958 471 2000 maculosum
498 1975 589 2001 eum
617 1960 829 2000 nominant
855 1957 1103 2014 foedumque
1125 1963 1167 1997 et
1190 1956 1401 1998 audacem.
1466 1957 1627 2011 Quodsi
1651 1972 1751 2014 ergo
1774 1965 1955 2009 statuas,
1988 1959 2128 2000 admo·

221 2029 316 2070 dum
348 2031 535 2071 iuvenem
566 2045 658 2071 eum
691 2030 843 2070 dictum
874 2044 989 2080 esse,
1018 2030 1092 2084 qui
1121 2031 1163 2067 in
1190 2029 1370 2069 confinio
1400 2037 1632 2070 versaretur
1653 2032 1852 2085 pueritiae
1880 2037 2004 2085 atque
2030 2030 2127 2070 ado-

220 2100 453 2152 lescentiae,
488 2101 598 2156 quod
626 2116 735 2141 anno
765 2101 907 2141 aetatis
928 2099 1168 2140 duodecimo
1189 2099 1244 2154 22)
1271 2107 1312 2140 et
1339 2099 1497 2141 decimo
1527 2101 1672 2156 quinto
1701 2102 1902 2143 contineri
1933 2100 2125 2151 arbitror,

220 2171 518 2212 adolescentem
549 2178 683 2212 autem
722 2171 957 2227 quindecim
986 2172 1105 2211 annis
1133 2169 1344 2225 aliquanto
1382 2172 1605 2223 maiorem,
1648 2198 1706 2204 —
1747 2187 1838 2212 nam
1876 2172 1988 2212 virili
2034 2179 2127 2228 toga

219 2242 405 2297 proxime
451 2248 618 2282 ornatus
657 2240 989 2282 adolescentulus
1028 2241 1269 2297 plerumque
1311 2241 1595 2296 appellabatur
1635 2266 1689 2272 -—
1728 2244 1893 2295 omnia,
1951 2244 1986 2283 si
2026 2241 2127 2299 quid

221 2313 364 2363 video,
407 2312 512 2353 bene
543 2315 651 2353 inter
681 2328 724 2353 se
754 2314 1006 2367 conspirant.
1493 2316 1498 2319 ’

406 2383 549 2422 Restat
585 2390 630 2423 ut
666 2382 715 2422 de
747 2382 851 2424 Afro
883 2383 1065 2423 Domitio
1102 2384 1348 2423 mentionem
1390 2385 1559 2435 faciam,
1607 2386 1725 2424 cuius
1758 2391 2043 2426 assectatorem
2082 2390 2125 2424 et

243 2540 295 2577 20)
336 2539 414 2568 Tac.
437 2548 509 2569 ann.
532 2541 590 2576 11,
613 2541 640 2570 6.
1193 2542 1244 2578 21)
1284 2539 1360 2570 Tae.
1384 2548 1455 2570 ann.
1478 2542 1536 2578 13,
1558 2541 1606 2571 33.

243 2592 293 2623 22)
330 2590 387 2620 Sic
410 2591 497 2620 Nero
518 2592 603 2630 apud
625 2591 767 2623 Tacitum
790 2595 874 2630 (aun.
899 2595 952 2631 12,
976 2596 1026 2629 25)
1047 2603 1066 2624 a
1085 2594 1250 2631 Pallante,
1282 2593 1539 2633 ut.adoptionem
1559 2592 1652 2623 illius
1673 2593 1838 2625 festinaret
1865 2593 2036 2625 claudium
2065 2596 2124 2627 sti-

330 2643 490 2681 mulante,
520 2644 647 2676 iuvenis
673 2646 875 2685 appellatur,
907 2647 1076 2678 duodecim
1097 2654 1151 2678 aut
1173 2646 1328 2679 tredecim
1347 2654 1448 2676 annos
1468 2651 1570 2676 natus.
1612 2645 1714 2677 Natus
1734 2646 1818 2676 enim
1838 2652 1886 2677 est
1905 2654 1989 2677 anno
2011 2657 2042 2687 p.
2064 2648 2124 2680 Cb.

332 2698 386 2730 37,
409 2695 672 2728 duodevicesimo
692 2698 855 2728 Kalendas
875 2699 1044 2730 ,lanuarias
1066 2701 1168 2737 (Suet.
1183 2701 1271 2731 Nero
1292 2708 1362 2739 cap.
1374 2701 1438 2736 6.),
1459 2699 1628 2738 adoptatus
1646 2704 1750 2729 autem
1770 2699 1841 2738 ipso
1862 2699 1937 2730 anni
1959 2702 1999 2731 5⁰
2019 2701 2126 2739 initio,

333 2750 369 2779 C.
393 2749 557 2788 Antistio,
581 2751 626 2781 M.
647 2750 753 2781 Suilio
774 2751 864 2783 coss.
