2417 3023
1063 77 1356 116 -28—

247 198 461 249 prooemio
491 194 586 234 libri
621 194 726 233 sexti
759 208 856 233 suae
887 207 1053 247 quoque
1087 192 1284 246 voluptati
1312 208 1355 233 se
1387 192 1595 233 studuisse
1630 193 1877 247 confitetur3
1930 197 2015 236 filio
2054 197 2161 236 enim

247 265 356 306 hanc
384 266 575 319 optimam
603 270 759 318 partem
790 263 1030 304 hereditatis
1059 278 1102 304 se
1133 265 1341 317 putavisse
1372 263 1637 315 relicturum,
1683 271 1751 315 ut,
1791 266 1825 304 si
1854 279 1898 304 se
1925 266 2006 306 fata
2037 268 2162 307 inter-

247 338 480 392 cepissent,
512 343 775 391 praeceptore
806 343 941 377 tamen
969 342 1083 392 patre
1109 342 1305 377 uteretur.
1372 334 1506 389 Quam
1529 334 1581 376 ob
1601 350 1787 376 caussam
1812 337 1905 392 quis
1927 338 2160 391 mirabitur,

248 423 388 448 omnes
420 410 578 463 ingenii
605 408 844 462 facultates,
887 423 1047 449 omnem
1080 407 1334 462 diligentiam
1361 409 1474 461 operi
1510 407 1678 446 traditas
1705 421 1793 446 esse
1822 421 1843 445 a
1876 406 2163 459 Quintiliano?

246 478 340 519 Non
372 478 583 520 scribendi
613 479 782 530 ardore,
832 494 915 519 non
952 494 1053 518 vana
1091 478 1246 533 gloriae
1284 478 1529 532 cupiditate,
1572 494 1654 518 non
1689 478 1766 518 alia
1798 478 1970 534 quadam
2005 481 2162 522 ratione

245 548 416 605 indigna
444 558 671 590 commotus
702 557 789 602 est,
835 550 907 591 sed
945 551 995 590 iis
1034 549 1182 601 rebus,
1229 563 1335 605 quae
1365 563 1548 588 summae
1580 555 1689 589 recte
1719 547 1926 589 habentur
1951 550 2058 590 inter
2091 552 2161 591 ho-

246 622 405 672 mines,
450 624 644 662 iuvenum
672 622 877 662 bonorum
912 622 1110 672 utilitate,
1151 621 1413 661 Familiarium
1446 620 1664 676 precibuS,
1709 621 1785 660 filii
1821 637 1981 673 amore,
2026 623 2163 663 studio

245 693 426 748 denique
458 694 654 733 veritatis.
720 694 914 734 Amorem
946 693 1180 743 literarum,
1209 709 1292 748 quo
1319 691 1540 748 flagrabat,
1571 699 1723 742 totum,
1754 698 1878 732 totam
1909 695 2015 734 vitae
2041 709 2159 734 usus-

245 778 326 819 que
363 764 477 818 longi
520 764 841 817 experientiam,
888 770 1012 803 totam
1041 763 1220 818 denique
1247 763 1471 803 doctrinam
1505 777 1554 802 ex
1587 762 1813 801 innumeris
1840 762 2054 819 utriusque
2084 765 2161 803 lin·

243 849 349 888 guae
388 834 660 888 scriptoribus
705 842 976 889 comparatam
999 835 1033 890 8)
1071 837 1114 874 ἰη
1146 834 1216 874 illo
1241 849 1363 888 opere
1393 833 1507 874 velut
1537 834 1578 872 in
1611 833 1804 873 thesauro
1829 833 2032 888 deposuit.
2113 835 2161 873 In

243 906 503 945 institutione
535 906 712 945 oratoria
746 907 880 960 ipsum
905 905 1208 959 Quintilianum
1235 904 1461 955 habemus,
1496 903 1608 944 nulla
1641 905 1730 944 eius
1757 911 1870 960 parte
1895 911 2055 960 praeter
2077 911 2160 945 ter·

242 991 390 1027 renas,
441 982 484 1015 ut
514 977 569 1016 ita
597 976 756 1027 dicam,
804 976 1016 1032 neglecta3
1064 992 1147 1032 quo
1184 977 1335 1017 factum
1368 982 1459 1027 est,
1499 981 1544 1014 ut
1573 981 1667 1015 ante
1699 977 1890 1030 scriptam
1923 975 2028 1017 hanc
2058 991 2159 1017 non-

242 1047 379 1086 nullos
405 1046 535 1086 libros
568 1055 762 1102 tanquam
790 1055 924 1101 partes
952 1050 1016 1088 sui
1047 1050 1276 1095 emitteret,
1322 1054 1415 1101 post
1445 1053 1606 1097 autem,
1649 1061 1775 1101 quum
1807 1061 1851 1086 se
1880 1054 2009 1087 totum
2042 1049 2160 1103 quasi

242 1117 422 1158 dedisset
452 1120 627 1171 posteris
659 1119 847 1175 nihilque
880 1123 969 1161 eius
1000 1127 1258 1176 superesset,
1291 1119 1451 1159 nullum
1483 1118 1637 1159 ederet.

435 1190 597 1229 Dicavit
638 1206 741 1246 opus
779 1207 898 1232 suum
937 1193 1136 1234 Marcello
1168 1192 1382 1241 Victorio,
1431 1205 1523 1230 cum
1563 1191 1834 1241 amicissimo,
1879 1198 1965 1231 tum
2007 1191 2158 1230 eximio

241 1259 451 1299 literarum
496 1274 634 1301 amore
679 1261 886 1317 flagranti.
974 1264 1062 1304 Nec
1106 1277 1205 1303 vero
1246 1268 1415 1316 propter
1449 1261 1549 1301 haec
1583 1260 1705 1300 modo
1745 1260 2032 1316 dignissimum
2065 1276 2158 1302 eum

241 1329 319 1370 hoc
350 1336 513 1371 mutuae
544 1333 727 1374 caritatis
759 1336 933 1390 pignore
959 1335 1183 1385 iudicavit,
1221 1333 1293 1374 sed
1324 1332 1436 1388 quod
1462 1346 1513 1372 ex
1543 1332 1632 1371 eius
1662 1332 1837 1372 maxime
1868 1332 2075 1374 voluntate
2107 1333 2156 1374 ad

242 1402 503 1443 scribendum
540 1419 583 1445 se
615 1407 848 1446 accinxerat
879 1413 919 1447 et
950 1406 1175 1447 erudiendo
1207 1407 1296 1446 eius
1325 1404 1413 1444 filio
1452 1417 1535 1443 non
1574 1403 1741 1444 inutiles
1783 1404 1872 1446 fore
1908 1405 2003 1445 libri
2045 1405 2156 1446 vide-

239 1471 393 1512 bantur
414 1474 465 1529 9).
533 1476 639 1527 Quis
672 1477 797 1517 fuerit
820 1479 897 1518 iste
925 1477 1160 1528 Marcellus,
1194 1492 1215 1516 e
1241 1477 1371 1517 Statio
1403 1489 1650 1529 cognosces,
1685 1476 1756 1530 qui
1785 1483 1825 1515 et
1849 1477 1936 1530 ipse
1963 1483 2152 1531 quartum

241 1542 446 1585 Silvarum
479 1545 629 1586 librum
663 1548 701 1587 ei
734 1547 937 1589 dedicavit
965 1549 1218 1603 praefatione
1250 1547 1430 1601 pedestri
1467 1553 1507 1585 et
1546 1552 1730 1601 quartam
1761 1548 1849 1588 eius
1880 1546 1974 1587 libri
2005 1549 2155 1602 episto·

240 1613 320 1652 lam
353 1615 402 1654 ad
439 1630 532 1655 eum
570 1618 751 1671 scripsit.
830 1618 975 1657 Clarus
1014 1618 1093 1657 fuit
1124 1617 1382 1672 eloquentiae
1414 1616 1591 1655 forensis
1622 1616 1767 1669 laude,
1814 1619 2019 1674 gratiosus
2047 1617 2156 1672 apud

240 1685 520 1728 Domitianum
553 1691 797 1745 magnisque
825 1690 949 1730 rebus
982 1689 1199 1744 gerendiS,
1233 1690 1353 1727 etiam
1384 1686 1569 1736 bellicis,
1604 1695 1784 1739 paratus.

470 1870 686 1911 Quando
721 1872 841 1907 libri
880 1874 944 1908 de
977 1873 1301 1909 institutione
1334 1872 1565 1909 oratoria
1598 1872 1776 1917 scripti
1808 1872 1923 1908 sint.

424 1970 635 2025 Tempus,
683 1986 766 2026 quo
797 1971 893 2011 libri
925 1970 975 2011 de
1006 1972 1264 2011 institutione
1292 1973 1467 2012 oratoria
1499 1974 1640 2027 scripti
1672 1979 1796 2022 sunt,
1839 1973 1937 2012 satis
1965 1980 2151 2015 accurate

236 2045 371 2093 potest
398 2038 577 2080 definiri.
633 2042 814 2080 Primum
837 2041 965 2095 igitur
986 2039 1089 2079 illud
1109 2047 1344 2092 teneamus,
1379 2056 1448 2082 eos
1471 2049 1565 2083 ante
1596 2058 1748 2083 annum
1767 2040 1835 2082 80
1857 2043 2032 2098 scriptos
2059 2058 2150 2085 esse

237 2124 320 2149 non
363 2124 496 2163 posse.
571 2111 761 2166 Namque
800 2119 892 2166 post
927 2111 1158 2151 abdicatum
1204 2112 1367 2152 demum
1398 2113 1676 2167 praecipiendi
1708 2129 1857 2154 munus
1887 2114 1938 2154 ad
1967 2114 2148 2155 scriben-

239 2179 333 2219 dum
366 2194 409 2219 se
440 2181 615 2222 accinxit
643 2181 953 2234 QuintilianuS‚
999 2188 1115 2222 antea
1157 2189 1217 2223 tot
1260 2185 1437 2239 negotiis
1474 2184 1707 2235 districtus,
1755 2192 1799 2226 ut
1832 2200 1884 2225 ne
1920 2185 2149 2227 actionibus

238 2250 402 2302 quidem
431 2251 474 2288 in
505 2251 713 2303 publicum
744 2252 977 2291 emittendis
1008 2254 1134 2292 otium
1167 2252 1351 2294 haberet.
1428 2256 1508 2295 Sed
1539 2272 1590 2296 ne
1621 2271 1713 2296 mox
1742 2256 1906 2312 quidem
1938 2264 2030 2311 post
2059 2273 2146 2297 mu-

239 2335 316 2358 nus
345 2319 576 2360 abdicatum
614 2322 807 2376 scripsit3
861 2321 972 2377 quod
1015 2324 1232 2378 praecipue
1274 2323 1439 2379 quidem
1482 2340 1533 2366 ex
1572 2327 1702 2381 ipsius
1738 2328 1875 2368 verbis
1914 2327 2148 2384 colligimus

283 2483 313 2518 8)
352 2481 457 2509 Paulo
479 2481 553 2519 plus
576 2490 668 2518 quam
693 2474 855 2513 biennium
879 2485 1025 2523 legendis
1046 2486 1250 2522 auctoribus,
1273 2485 1328 2523 qui
1349 2492 1421 2516 sunt
1442 2486 1709 2525 innumerabiles,
1732 2487 1838 2517 datum
1859 2494 1916 2517 est.
1939 2507 1942 2510 -
1961 2489 2036 2521 vid.
2049 2492 2143 2530 epist.

353 2534 391 2562 ad
414 2534 540 2573 Tryph.
566 2534 637 2563 init.

283 2589 314 2621 9)
356 2586 434 2618 Inst.
453 2595 532 2619 orat.
559 2591 591 2626 Ι,
617 2598 758 2627 prooem.
784 2591 811 2620 6.
845 2591 885 2620 cs.
908 2592 942 2627 6,
966 2601 1107 2629 prooem.
1124 2594 1149 2621 l.
1195 2592 1281 2621 Filio
1304 2591 1451 2621 Marcelli
1475 2602 1515 2622 ex
1537 2593 1650 2632 optimi
1673 2592 1795 2622 codicis
1817 2593 1918 2627 (Amb.
1945 2596 1984 2631 1.)
2006 2594 2145 2625 lectione

352 2649 462 2669 nomen
491 2647 537 2670 est
564 2641 674 2670 Getae.
726 2642 844 2672 Statius
873 2644 906 2673 in
928 2644 1031 2674 Silvis
1053 2647 1088 2681 4,
1110 2647 1129 2675 4
1158 2644 1285 2674 Gallum
1315 2654 1385 2674 eum
1408 2646 1568 2683 nominat,
1604 2647 1749 2676 iuvenem
1771 2646 1854 2685 patri
1878 2646 1973 2676 valde
1992 2647 2144 2676 dilectum

352 2691 541 2730 ingeniique
562 2692 685 2723 eximii.
