2417 3023
1076 121 1348 163 ‚22ss

246 241 382 281 emisit
404 240 468 295 6),
524 254 598 280 nec
640 253 779 280 earum
826 239 939 290 ulla,
992 253 1097 294 quae
1141 237 1218 279 sub
1257 241 1421 282 nomine
1453 240 1618 297 quidem
1651 242 1739 281 eius
1771 241 2034 295 ferebantur,
2086 242 2158 284 sed

248 312 500 370 negligentia
530 311 822 364 excipientium
854 311 897 347 in
928 316 1143 364 quaestum
1175 313 1425 351 notariorum
1452 319 1668 366 corruptae
1699 314 1907 352 minimam
1948 317 2037 354 eius
2068 329 2157 369 par-

246 390 327 424 tem
368 380 592 422 habebant.
687 381 781 435 lpse
824 381 1082 436 negotiorum
1128 381 1235 426 mole
1278 382 1496 424 distractus
1531 385 1709 424 actiones
1748 398 1843 423 suas
1882 397 1964 423 non
2005 387 2154 426 emisit.

247 453 327 495 Sed
357 455 520 493 numina
559 459 600 492 ct
639 458 878 506 argumenta
915 452 1205 492 nonnullarum
1244 455 1402 510 reliqua
1435 462 1531 494 sunt
1546 480 1566 505 ‚-
1604 462 1649 495 ut
1680 462 1840 509 praeter
1868 456 2158 509 Arpinianeam

247 526 364 575 eius,
397 539 520 579 quam
553 540 625 577 pro
658 525 795 577 regina
828 523 1023 561 Berenice
1053 522 1155 561 dixit
1177 523 1213 578 7)
1243 531 1283 563 et
1313 539 1405 563 reae
1436 525 1673 573 cuiusdam,
1714 540 1818 580 quae
1849 525 2071 565 subiecisse
2098 527 2159 565 di-

248 597 421 637 cebatur
452 595 585 636 mariti
620 599 905 634 testamentum
928 593 979 649 8).
1058 594 1240 650 Utraque
1272 609 1409 635 earum
1442 602 1528 635 erat
1553 594 1815 648 difficillima,
1864 611 1990 652 quum
2017 597 2059 636 in
2090 595 2160 637 illa

247 667 358 727 apud
390 668 571 723 reginam
603 681 701 705 suae
730 666 861 719 ipsius
887 666 946 705 rei
980 665 1152 706 iudicem
1188 665 1311 706 verba
1352 665 1518 708 deberet
1557 667 1690 707 facere
1712 666 1772 722 9),
1829 658 1885 706 in
1910 667 1987 708 hac
2025 673 2160 708 autem

247 756 380 796 genus
422 739 522 779 illud
562 738 787 794 figurarum
827 737 1104 776 adhibendum
1145 745 1280 786 esset,
1329 740 1368 776 in
1411 753 1493 791 quo
1535 753 1605 798 per
1644 737 1846 792 quandam
1887 739 2161 792 suspicionem

248 811 359 867 quod
392 826 474 851 non
506 811 681 851 dicimus
716 811 845 864 accipi
878 809 1092 859 volumus‚
1128 824 1209 848 non
1236 809 1378 864 utique
1409 809 1690 859 contrarium,
1722 814 1767 847 ut
1797 809 1839 847 in
1872 811 2056 865 εἰρωνείᾳ,
2091 809 2162 850 sed

249 881 363 922 aliud
405 881 537 921 latens
586 888 626 920 et
670 880 847 919 auditori
890 881 1006 935 quasi
1051 878 1342 918 inveniendum
1370 878 1438 935 ¹⁰).
1513 878 1671 917 Tamen
1709 885 1923 933 utramque
1965 879 2161 929 obtinuit,

252 953 366 1008 quod
398 953 448 992 de
481 955 617 1005 priore
649 953 770 991 ctiam
803 951 1133 991 commemoratio
1166 949 1443 1000 demonstrat3
1489 948 1539 987 de
1569 947 1692 987 altera
1725 954 1859 988 autem
1891 950 1978 1003 ipse
2010 957 2162 999 narrat,

250 1024 360 1080 quod
407 1023 566 1064 efficere
620 1022 794 1063 voluerit
838 1023 1076 1075 contigisse.
1168 1021 1356 1069 Interea,
1415 1033 1663 1075 quamquam
1709 1017 1759 1059 de
1801 1019 2034 1060 actionibus
2076 1021 2165 1061 eius

248 1109 374 1151 pauca
406 1094 527 1134 modo
560 1095 849 1148 comperimus,
884 1093 989 1132 nihil
1019 1100 1152 1132 tamen
1174 1090 1342 1141 dubito,
1377 1092 1478 1145 quin
1510 1089 1703 1130 omnibus
1734 1089 2057 1144 approbantibus
2087 1090 2166 1131 fre-

250 1174 424 1222 quenter
455 1167 496 1204 in
530 1166 620 1205 foro
652 1173 837 1205 versatus
867 1166 919 1204 sit
943 1166 1012 1214 ll).
1092 1165 1142 1203 Et
1182 1165 1253 1217 qui
1290 1162 1408 1202 aliter
1436 1178 1525 1203 esse
1553 1162 1738 1217 poterat?
1798 1163 1943 1202 Virum
1975 1178 2072 1217 prae
2101 1178 2166 1203 ce-

250 1240 350 1280 teris
380 1237 574 1279 omnibus
599 1239 698 1278 artis
728 1238 929 1278 oratoriae
970 1251 1051 1277 non
1091 1234 1223 1276 solum
1263 1236 1556 1290 peritissimum
1598 1263 1654 1269 —
1692 1234 1788 1276 libri
1822 1234 1871 1276 de
1911 1235 2167 1277 institutione

252 1311 428 1352 oratoria
460 1308 623 1350 abunde
657 1308 699 1349 id
729 1307 953 1349 ostendunt
982 1335 1023 1339 -ψ
1043 1336 1056 1358 ,
1088 1307 1159 1347 sed
1186 1296 1306 1347 eiiam
1335 1307 1658 1346 amantissimum
1689 1305 1767 1362 l2),
1801 1311 1842 1345 et
1867 1307 1939 1361 qui
1969 1320 2168 1346 summam

252 1382 508 1437 diligentiam
542 1380 808 1435 studiumque
839 1380 1049 1420 assiduum
1081 1380 1125 1418 in
1156 1380 1411 1419 orationibus
1443 1380 1529 1419 suis
1560 1378 1780 1419 collocavit
1800 1378 1881 1433 13),
1927 1380 2059 1418 virum
2099 1378 2167 1418 de-

253 1454 381 1507 nique
412 1453 544 1506 magis
576 1452 698 1490 etiam
727 1450 911 1490 moribus
943 1449 1238 1500 excellentem,
1273 1465 1394 1505 quam
1426 1449 1610 1490 doctrina
1644 1449 1714 1489 illa
1741 1448 1977 1489 admiranda
2003 1464 2169 1489 necesse

253 1530 340 1564 erat
371 1522 495 1563 fidem
528 1521 606 1562 sibi
640 1521 774 1562 facere
804 1521 914 1576 apud
944 1523 1054 1564 cives
1084 1536 1181 1562 suos
1212 1521 1443 1577 factamque
1472 1528 1694 1576 praestare.
1770 1521 1911 1575 Quid?
1958 1520 2070 1577 quod
2108 1520 2168 1560 af-

251 1595 432 1637 fectuum
465 1592 789 1643 movendorum⁷
846 1591 999 1648 quibus
1030 1598 1167 1633 orator
1196 1594 1392 1633 citissime
1423 1592 1622 1648 probatur
1646 1592 1822 1649 populo,
1876 1592 2073 1633 rationem
2106 1605 2168 1631 se·

299 1797 330 1829 6)
374 1795 451 1824 lnst.
474 1798 553 1822 orat.
578 1794 608 1824 7.
629 1793 664 1825 2.
687 1793 735 1822 2⁴.
779 1791 963 1822 Quaesitum
991 1797 1038 1821 est
1066 1792 1097 1821 in
1119 1801 1174 1830 ea,
1216 1788 1461 1828 »Praecipitata
1482 1794 1564 1819 esset
1586 1797 1604 1818 a
1624 1789 1748 1819 Naevio
1770 1799 1870 1827 uxor,
1901 1798 1940 1820 nn
1962 1798 1996 1821 ne
2020 1792 2092 1831 ipsa
2114 1801 2170 1823 sua

373 1853 486 1885 sponte
513 1844 680 1876 iecisset«
746 1844 951 1884 Exemplum·
966 1851 1011 1874 est
1035 1843 1282 1883 ἀντικατηγορίας
1303 1849 1334 1872 et
1358 1841 1575 1873 Quintilianus
1598 1842 1631 1871 in
1653 1842 1755 1881 ipsam
1778 1852 1909 1873 uxorem
1933 1844 2048 1875 sactum
2070 1845 2169 1877 defle-

374 1899 460 1928 xisse
484 1897 611 1926 videtur
633 1903 680 1933 et,
716 1902 748 1926 ut
768 1905 825 1926 sua
846 1905 956 1934 manu,
993 1906 1054 1926 non
1079 1907 1138 1936 per
1160 1897 1257 1927 alium
1281 1896 1396 1926 semina
1419 1896 1541 1935 perisse
1564 1897 1773 1936 probaretur,
1807 1898 1974 1937 utriusque
1998 1901 2099 1939 partis
2119 1910 2170 1930 ar-

372 1959 520 1991 gumenta
543 1952 625 1981 inter
647 1961 682 1981 se
703 1961 914 1990 comparasse.
958 1951 1105 1981 Similem
1126 1960 1284 1991 caussam,
1307 1950 1401 1980 etiam
1425 1951 1457 1981 in
1480 1952 1674 1990 nominibus,
1694 1954 1826 1984 Tacitus
1841 1962 2062 1986 commemorat
2085 1957 2168 1992 (ann.

370 2009 405 2044 4,
428 2007 480 2043 22)
512 2012 543 2035 et
573 2006 718 2042 suerunt,
755 2004 810 2042 qui
834 2004 914 2033 hanc
935 2013 1006 2033 cum
1029 2005 1086 2034 illa
1108 2005 1241 2034 eandem
1263 2009 1428 2042 putarent,
1467 2010 1499 2033 ut
1520 2004 1720 2035 Burmannus
1741 2006 1773 2035 in
1795 2006 1938 2037 editione
1959 2016 2016 2038 sua
2035 2009 2075 2038 ad
2096 2009 2118 2039 1.
2141 2018 2168 2038 c.

371 2066 401 2090 et
422 2058 591 2089 Fabricius
615 2058 646 2087 in
669 2056 777 2087 indice
798 2057 1010 2096 scriptorum,
1032 2066 1167 2095 qnorum
1189 2066 1207 2087 a
1229 2056 1431 2089 Quintiliano
1454 2058 1571 2088 mentio
1593 2058 1639 2091 fit.
1684 2059 1725 2090 V.
1740 2060 1825 2091 Bibl.
1848 2061 1899 2091 lat.
1924 2061 1953 2095 2,
1974 2063 2051 2098 310,
2076 2060 2169 2098 unde,

373 2113 403 2142 ni
436 2113 550 2149 fallor,
594 2112 707 2141 menda
740 2112 872 2151 irrepsit
902 2112 933 2141 in
964 2111 1104 2150 Zumptii
1139 2111 1277 2141 indicem
1310 2109 1469 2140 nominum
1503 2112 1725 2150 propriorum,
1766 2114 1822 2151 qui
1850 2123 1874 2144 s.
1898 2123 1926 2143 v.
1955 2113 2170 2144 Quintilianus

374 2165 601 2204 Aproniani
625 2165 775 2204 praebet,
815 2165 899 2202 quod
923 2171 970 2194 est
991 2174 1104 2194 nomen
1127 2165 1312 2197 Taciteum‚
1349 2163 1425 2193 licet
1446 2163 1478 2193 in
1500 2164 1573 2203 ipso
1593 2165 1678 2194 libro
1699 2176 1768 2195 cum
1790 2166 1922 2206 optimis
1944 2166 2169 2205 Arpiniani

373 2220 508 2256 legatur.
550 2218 613 2249 Sed
636 2224 722 2248 recte
744 2218 805 2247 iam
818 2217 1030 2257 Spaldingius
1052 2218 1091 2248 ad
1114 2218 1135 2248 l.
1150 2228 1177 2247 c.
1198 2216 1442 2253 animadvertit,
1466 2217 1649 2248 manifestas
1670 2228 1740 2249 esse
1762 2219 1916 2259 plurimas
1937 2220 1982 2249 rei
2007 2219 2170 2261 utriusque

372 2271 591 2305 differentias,
622 2280 755 2309 quarum
786 2280 864 2308 quas
896 2272 1050 2312 temporis
1075 2272 1214 2302 rationes
1236 2269 1407 2300 ostendunt
1428 2271 1482 2301 hic
1503 2272 1647 2303 sufficiat
1667 2272 1882 2303 considerare.
1936 2273 2052 2303 Caussa
2074 2273 2169 2310 enim,

372 2325 463 2353 cuius
484 2323 567 2361 apud
589 2324 735 2353 Tacitum
760 2324 877 2353 mentio
898 2325 952 2361 tit,
984 2331 1053 2354 acta
1076 2331 1123 2354 est
1144 2324 1280 2354 Tiberio
1303 2323 1494 2361 imperante,
1525 2334 1606 2354 anno
1628 2326 1665 2355 24
1689 2335 1720 2363 p.
1744 2326 1822 2363 ch„
1851 2336 1957 2356 verum
1979 2326 2169 2356 Quintiliani

372 2386 484 2407 caussa
509 2377 621 2417 procul
644 2377 742 2407 dubio
765 2388 826 2408 non
855 2385 927 2408 ante
956 2388 1068 2408 annum
1090 2379 1145 2413 58,
1175 2387 1216 2407 ex
1239 2377 1407 2407 Dodwelli
1436 2379 1611 2415 sententia,
1645 2388 1738 2416 quam
1767 2385 1868 2409 tamen
1899 2379 1977 2410 1111111
2005 2388 2066 2408 11011
2094 2379 2170 2410 satis

373 2429 551 2468 persuasit,
580 2438 661 2458 anno
684 2431 809 2460 demum
832 2434 879 2461 70.

302 2486 331 2519 7)
376 2484 452 2514 lust.
476 2488 555 2513 orat.
582 2483 618 2520 4,
645 2485 677 2519 Ι,
702 2486 747 2515 19.

301 2538 332 2570 8)
376 2536 447 2564 lust.
472 2542 552 2565 orat.
576 2537 611 2572 9,
633 2537 669 2572 2,
693 2539 729 2566 73
783 2538 925 2575 Angelus
947 2537 1128 2567 Politianus
1158 2537 1239 2565 t'also
1270 2543 1395 2571 censet,
1425 2538 1504 2566 hanc
1533 2547 1662 2575 quoque
1687 2538 1861 2568 orationem
1893 2547 1950 2577 pro
1974 2539 2084 2576 regina
2106 2538 2170 2566 Be-

376 2589 482 2619 renice
503 2587 645 2620 habitam
667 2599 747 2620 esse.

302 2645 332 2675 9)
374 2642 424 2672 De
446 2642 642 2674 difficultate
664 2643 758 2672 huius
781 2646 915 2674 rationis
937 2645 1000 2674 vid.
1026 2644 1101 2673 lust.
1128 2651 1206 2672 orat.
1229 2645 1266 2678 4,
1292 2645 1305 2672 l
1320 2665 1327 2676 ,
1355 2645 1389 2673 18
1411 2654 1481 2680 sqq.

287 2698 335 2733 10)
377 2695 452 2725 lnst.
474 2703 553 2727 orat.
577 2698 614 2731 9,
636 2698 673 2732 2.
696 2698 744 2728 65.
1234 2698 1282 2732 ll)
1326 2696 1399 2726 [nst.
1423 2703 1501 2727 orat.
1525 2699 1561 2733 9,
1584 2698 1622 2733 2,
1647 2698 1695 2727 73.
1731 2713 1736 2717 ·

288 2751 334 2785 12)
378 2749 454 2779 lust.
479 2757 555 2779 orat.
579 2751 616 2784 2,
640 2752 692 2783 16,
718 2751 762 2780 12.
791 2753 824 2780 17
882 2753 928 2787 17,
950 2753 969 2782 3
1229 2751 1277 2787 13)
1321 2749 1396 2781 lust.
1418 2757 1497 2781 orat.
1522 2753 1559 2787 7,
1585 2752 1619 2786 l,
1641 2751 1660 2781 :3
1681 2758 1751 2787 sqq.
