2417 3023
1044 150 1308 191 ...7-

222 272 399 322 tionem,
442 266 514 310 sed
547 272 682 310 tamen
716 265 758 309 id
792 268 937 311 aetatis
974 268 1215 326 ingeniique
1246 266 1375 310 fuisse
1404 275 1697 322 consecutum,
1744 274 1791 310 ut
1821 268 2020 309 rationem
2049 269 2128 310 iam

221 339 391 381 haberet
416 344 621 381 oratorum
652 352 905 396 operumque
939 353 1110 392 eorum3
1159 340 1271 395 quod
1309 340 1430 380 facile
1467 340 1697 395 intelliget,
1744 342 1779 379 si
1817 342 1912 396 quis
1949 342 2129 396 cogitare

222 414 343 465 velit,
374 413 578 470 quomodo
599 412 884 466 Quintilianus
913 411 1014 450 alias
1037 408 1222 450 eiusdem
1244 410 1323 450 viri
1348 411 1554 451 orationes
1581 410 1808 454 laudaverit
1831 419 1928 455 ante
1953 427 2130 469 puerum

220 501 265 528 se
295 485 359 529 vel
388 487 509 529 etiam
547 492 689 528 natum
729 481 891 524 habitas
912 480 966 538 2).
1037 480 1121 521 lam
1164 494 1261 522 vero
1297 481 1517 523 Passienus
1554 481 1626 523 ille
1662 489 1799 524 orator
1833 499 1908 539 per
1940 483 2131 526 fraudem

219 560 340 614 periit
372 558 631 612 Agrippinae
659 555 798 595 uxoris
817 555 859 607 3)
896 560 991 594 ante
1030 568 1183 593 annum
1214 560 1324 594 certe
1354 552 1417 593 49
1446 570 1489 609 p.
1522 555 1602 594 Ch.
1638 570 1682 594 n.
1757 554 1824 595 Ab
1865 558 1986 596 huius
2017 558 2129 596 enim

217 631 316 670 anni
345 628 464 667 initio
494 626 647 667 femina
672 627 751 666 ista
781 623 1057 675 detestabilis,
1090 624 1322 666 fautoribus
1352 628 1438 667 suis
1469 626 1633 679 adiuta,
1668 628 1975 669 matrimonium
2006 626 2128 668 Clau·

217 701 275 741 dii
305 698 475 753 appetiit
493 697 557 750 4),
601 696 713 752 quod
753 696 848 736 vivo
879 696 1073 735 Passieno
1118 695 1200 735 nisi
1238 695 1423 738 decentia
1463 697 1619 739 abiecta
1649 699 1762 739 omni
1794 712 1877 739 non
1908 699 2124 753 potuisset.

216 772 361 827 Itaque
387 784 514 827 quum
551 768 680 810 oratio
722 767 800 807 ista
834 771 929 807 ante
965 779 1121 806 annum
1151 763 1236 818 49,
1291 767 1343 808 ad
1387 782 1592 810 summum
1633 784 1740 810 anno
1776 768 1840 810 48
1878 768 2019 810 habita
2056 770 2126 818 sit,

216 839 519 894 Quintilianum
550 851 717 893 quoque
746 842 841 876 ante
870 850 1023 875 annum
1054 833 1117 874 49
1144 837 1254 879 inter
1289 854 1438 894 pueros
1468 840 1693 882 habeamus
1722 856 1887 882 necesse
1921 847 2000 882 est.
2075 841 2129 881 At

214 926 312 954 vero
341 911 446 952 fines
476 909 677 965 pueritiae
708 907 788 949 late
819 912 978 963 patent.
1052 907 1177 949 Pueri
1214 909 1323 949 euim
1363 916 1485 962 sunt,
1534 911 1605 967 qui
1637 924 1765 966 quum
1796 911 1865 951 vix
1893 910 1943 951 de
1967 911 2127 967 gremio

213 983 413 1032 exierint,
447 980 604 1021 discere
624 980 731 1019 serio
761 980 967 1034 incipiunt
986 979 1050 1032 6),
1084 982 1228 1033 pueri,
1261 982 1334 1036 qui
1365 983 1512 1022 ceteris
1543 981 1790 1037 quibusdam
1820 981 1979 1023 artibus
2010 984 2127 1023 insti·

212 1056 291 1095 tuti
321 1053 477 1094 rhetori
506 1051 725 1093 traduntur
743 1051 811 1109 6),
855 1052 973 1106 pueri
1003 1051 1148 1102 etiam,
1195 1052 1267 1107 qni
1297 1052 1397 1093 artis
1426 1051 1654 1094 rhetoricae
1683 1054 1764 1094 iam
1795 1053 1994 1106 studiosi,
2028 1053 2125 1095 ado·

211 1124 460 1167 lescentibus
491 1124 635 1166 sedent
658 1125 851 1180 permixti
873 1124 928 1176 ⁷),
961 1136 1066 1178 puer
1095 1121 1276 1179 denique
1311 1130 1352 1165 et
1382 1123 1601 1164 admodum
1632 1124 1799 1180 quidem
1820 1123 2125 1165 Demosthenes

211 1198 393 1249 dicitur,
437 1196 727 1252 septemdecim
750 1211 882 1236 annos
912 1203 1058 1245 natus,
1100 1210 1227 1251 quum
1265 1194 1491 1249 pupillares
1527 1194 1698 1236 haberet
1734 1196 1919 1236 actiones
1941 1195 1996 1252 8).
2060 1196 2126 1236 Ex

211 1270 283 1309 illa
314 1270 445 1324 igitur
473 1283 676 1309 annorum
721 1267 961 1309 definitione
1000 1267 1101 1323 quid
1142 1266 1304 1309 tandem
1336 1266 1533 1308 faciamus
1570 1266 1707 1308 lucri?
1766 1266 1863 1308 Non
1906 1282 2121 1324 magnum,

211 1339 341 1382 libere
384 1339 588 1391 fatemur,
632 1337 705 1380 sed
730 1337 899 1394 aliquod
931 1344 1083 1380 tamen.
1156 1338 1345 1394 Namque
1374 1338 1598 1390 terminos,
1645 1352 1820 1394 quorum
1852 1338 1957 1380 alter
1987 1340 2123 1380 infan—

211 1413 326 1464 tiam,
357 1410 462 1453 alter
486 1410 800 1452 adolescentiam
822 1411 971 1467 tangit,
1001 1417 1204 1452 extremos
1233 1417 1490 1450 transeuntes
1516 1412 1553 1450 si
1579 1410 1753 1451 mediam
1784 1410 1990 1467 quandam
2016 1413 2123 1452 viam

211 1483 517 1540 ingrediamur,
564 1507 620 1513 —-
663 1481 775 1538 quod
810 1488 858 1522 ut
896 1482 1093 1523 faciamus
1130 1482 1249 1537 pueri
1283 1481 1428 1523 suadet
1465 1496 1563 1523 cura
1601 1484 1645 1523 in
1675 1482 1882 1538 praeclara
1915 1490 2121 1524 oratorum

211 1568 335 1612 opera
367 1556 445 1595 iam
476 1567 690 1607 conversa,
724 1553 886 1611 qualem
918 1553 1034 1606 fere,
1062 1558 1108 1593 ut
1137 1553 1327 1610 exemplo
1357 1560 1522 1594 utamur
1546 1553 1792 1607 domestico,
1822 1555 1934 1595 filius
1953 1556 2121 1608 Quinti-

208 1628 309 1665 liani
335 1626 503 1676 habuit,
536 1641 663 1680 quum
690 1627 893 1667 decimum
916 1627 1060 1666 aetatis
1084 1640 1237 1665 annum
1262 1627 1474 1679 ingressus
1504 1641 1587 1666 non
1612 1627 1807 1668 flosculos
1844 1630 1953 1669 sicut
1987 1630 2117 1683 prior,

208 1696 283 1752 qui
313 1696 501 1751 quintum
530 1710 721 1750 egressus
751 1710 904 1735 annum
942 1699 1127 1735 mortuus
1154 1699 1242 1744 est,
1287 1693 1360 1735 sed
1393 1701 1527 1736 certos
1559 1697 1640 1737 iam
1682 1703 1723 1738 et
1752 1697 2001 1740 deformatos
2033 1698 2119 1740 fru-

208 1775 299 1808 ctus
325 1766 559 1808 ostenderet
580 1767 615 1821 9)
630 1783 643 1820 3
670 1792 728 1797 —
754 1759 882 1807 facile
906 1764 1026 1807 nobis
1055 1762 1421 1820 persuadebimus}
1449 1765 1705 1809 Dodwellum
1736 1758 1977 1826 ceterosque
2008 1772 2119 1813 viros

209 1837 349 1880 doctos
392 1851 501 1878 anno
544 1835 607 1878 48
644 1850 865 1878 sexennem
909 1835 1214 1890 Quintilianum
1251 1836 1530 1878 existimantes
1571 1838 1835 1881 vehementer
1876 1841 1995 1892 faui,
2043 1857 2119 1882 nos

207 1915 341 1949 autem
373 1922 396 1948 a
421 1922 517 1948 vero
547 1907 736 1949 aberrare
770 1922 856 1948 non
885 1908 1031 1962 longe,
1074 1908 1111 1945 si
1138 1906 1339 1946 decimum
1371 1910 1516 1949 aetatis
1546 1924 1700 1950 annum
1732 1911 1794 1952 illi
1821 1916 1996 1968 tempori
2021 1929 2118 1955 con-

207 1980 423 2021 stituamus
450 1984 575 2034 atque
604 1992 732 2018 unum
761 1992 914 2017 annum
944 1976 1011 2017 vel
1040 1976 1121 2017 duo
1151 1976 1301 2017 addere
1328 1977 1518 2019 malimus
1548 1995 1670 2036 quam
1691 1982 1912 2024 deducere.
1976 1985 2117 2040 Atque

206 2050 306 2090 haec
337 2049 503 2104 quidem
534 2049 678 2090 aetatis
708 2047 893 2089 definitio
923 2062 1016 2089 cum
1036 2047 1199 2099 ceteris,
1230 2048 1385 2103 quibus
1416 2051 1587 2092 nitimur
1616 2054 1886 2095 institutionis
1915 2057 2117 2097 oratoriae

205 2121 307 2164 locis
336 2120 441 2163 bene
472 2122 680 2177 congruit.
741 2120 845 2162 Nam
878 2120 922 2160 in
951 2120 1080 2161 altero
1110 2133 1251 2161 eorum
1278 2119 1334 2178 1⁰)
1366 2121 1472 2163 idem
1504 2124 1730 2179 »Memini‚
1763 2127 1921 2184 inquit,
1953 2128 2115 2168 iuvenis

250 2294 282 2330 2)
324 2292 364 2324 V.
386 2293 465 2324 lust.
486 2297 566 2324 orat.
587 2294 625 2330 6,
648 2295 683 2327 l,
704 2294 754 2324 50.
795 2294 835 2329 3,
859 2294 907 2323 74.

246 2361 277 2395 3)
316 2358 424 2391 schol.
448 2365 510 2391 vet.
532 2360 565 2390 in
585 2359 700 2393 Juven.
722 2358 789 2391 Sat.
810 2360 847 2397 4,
870 2360 920 2392 81.
959 2357 1054 2390 Quod
1082 2357 1116 2388 in
1143 2357 1278 2390 Eusebii
1307 2359 1463 2392 chronico
1495 2361 1535 2392 ad
1556 2361 1610 2392 01.
1633 2362 1710 2400 2⁰4,
1732 2363 1752 2393 2
1771 2363 1813 2394 ab
1834 2363 2033 2405 Hieronymo
2055 2375 2111 2397 no-

318 2418 419 2444 tatur:
462 2413 663 2445 »Passienus
694 2413 783 2444 filius
810 2412 925 2444 fraude
950 2412 1081 2444 heredis
1105 2421 1182 2444 suae
1207 2421 1363 2447 necatur«
1395 2417 1436 2447 ad
1470 2422 1609 2447 nostrum
1637 2416 1829 2449 Passienum
1859 2427 1921 2449 non
1951 2419 2111 2458 pertinet;

318 2473 508 2504 quamquam
528 2466 651 2497 scholia
679 2475 809 2505 quoque
827 2467 994 2498 Juvenalis
1021 2476 1163 2498 caussam
1195 2469 1285 2499 necis
1310 2469 1502 2501 hereditatis
1528 2479 1618 2509 spen
1646 2471 1796 2502 afferunt.
1859 2471 2018 2511 Tempora
2046 2482 2109 2503 non

317 2519 530 2558 conveniunt;
566 2524 653 2550 recte
673 2518 776 2558 igitur
796 2519 990 2552 Dodwellus
1011 2520 1033 2552 1.
1056 2530 1085 2552 c.
1105 2520 1132 2559 §-
1145 2522 1175 2552 8.
1197 2522 1318 2553 erroris
1339 2524 1448 2562 arguit
1469 2523 1709 2562 Hieronymum.

249 2585 282 2623 4)
322 2585 398 2615 Tac.
421 2595 495 2618 ann.
518 2588 573 2624 12,
595 2588 612 2617 1
633 2595 705 2625 sqq.
1192 2588 1224 2625 5)
1263 2586 1342 2617 Inst.
1366 2593 1448 2619 orat.
1472 2590 1506 2624 1,
1528 2588 1563 2625 2,
1588 2589 1615 2617 1.

244 2654 277 2690 6)
317 2651 396 2684 Inst.
418 2660 498 2685 orat.
524 2656 558 2692 1,
581 2657 634 2693 10,
657 2657 684 2687 1.
726 2656 763 2695 2,
786 2658 813 2687 l.
1193 2657 1225 2692 ⁷)
1264 2655 1344 2687 Inst.
1363 2660 1444 2686 orat.
1468 2654 1504 2692 2,
1524 2654 1560 2689 2,
1585 2655 1632 2686 14.

244 2721 277 2757 8)
318 2718 395 2750 Inst.
420 2724 499 2751 orat.
524 2722 578 2759 12,
600 2723 636 2758 6,
660 2724 687 2752 1.
1190 2723 1222 2759 9)
1262 2721 1342 2753 Inst.
1363 2726 1441 2752 orat.
1461 2721 1502 2758 6,
1521 2729 1571 2759 pr.
1591 2722 1621 2752 6.
1642 2723 1670 2751 9.

226 2787 276 2822 lo)
317 2786 398 2821 lust.
419 2791 498 2818 orat.
519 2788 558 2824 8,
580 2788 618 2822 3,
639 2788 688 2819 31.
