<?xml version="1.0" encoding="UTF-8"?>
<!DOCTYPE html PUBLIC "-//W3C//DTD XHTML 1.0 Transitional//EN"
    "http://www.w3.org/TR/xhtml1/DTD/xhtml1-transitional.dtd">
<html xmlns="http://www.w3.org/1999/xhtml" xml:lang="en" lang="en">
 <head>
  <title>
</title>
<meta http-equiv="Content-Type" content="text/html;charset=utf-8" />
  <meta name='ocr-system' content='tesseract 3.04.00' />
  <meta name='ocr-capabilities' content='ocr_page ocr_carea ocr_par ocr_line ocrx_word'/>
</head>
<body>
  <div class='ocr_page' id='page_1' title='image "./4624618_0014.png"; bbox 0 0 2417 3023; ppageno 0'>
   <div class='ocr_carea' id='block_1_1' title="bbox 1072 132 1321 173">
    <p class='ocr_par' dir='ltr' id='par_1_1' title="bbox 1072 132 1321 173">
     <span class='ocr_line' id='line_1_1' title="bbox 1072 132 1321 173; baseline -0.004 -8"><span class='ocrx_word' id='word_1_1' title='bbox 1072 132 1321 173; x_wconf 58' lang='lat'><strong>„6—</strong></span> 
     </span>
    </p>
   </div>
   <div class='ocr_carea' id='block_1_2' title="bbox 244 248 2164 1451">
    <p class='ocr_par' dir='ltr' id='par_1_2' title="bbox 244 248 2164 1451">
     <span class='ocr_line' id='line_1_2' title="bbox 245 248 2155 305; baseline 0.002 -14"><span class='ocrx_word' id='word_1_2' title='bbox 245 251 358 291; x_wconf 91' lang='lat' dir='ltr'><strong>enim</strong></span> <span class='ocrx_word' id='word_1_3' title='bbox 380 251 499 291; x_wconf 86' lang='lat' dir='ltr'><strong>aiunt</strong></span> <span class='ocrx_word' id='word_1_4' title='bbox 520 249 806 303; x_wconf 79' lang='lat' dir='ltr'><strong>Quintilianus</strong></span> <span class='ocrx_word' id='word_1_5' title='bbox 832 250 1044 303; x_wconf 83' lang='lat' dir='ltr'><strong>concepit,</strong></span> <span class='ocrx_word' id='word_1_6' title='bbox 1075 248 1187 304; x_wconf 89' lang='lat' dir='ltr'><strong>quod</strong></span> <span class='ocrx_word' id='word_1_7' title='bbox 1214 249 1332 291; x_wconf 92' lang='lat' dir='ltr'><strong>Lucii</strong></span> <span class='ocrx_word' id='word_1_8' title='bbox 1352 254 1467 303; x_wconf 90' lang='lat' dir='ltr'><strong>pater</strong></span> <span class='ocrx_word' id='word_1_9' title='bbox 1484 248 1545 290; x_wconf 92' lang='grc' dir='ltr'><strong>Μ.</strong></span> <span class='ocrx_word' id='word_1_10' title='bbox 1569 251 1765 291; x_wconf 80' lang='lat' dir='ltr'><strong>Annaeus</strong></span> <span class='ocrx_word' id='word_1_11' title='bbox 1782 250 1939 294; x_wconf 78' lang='lat' dir='ltr'><strong>Seneca</strong></span> <span class='ocrx_word' id='word_1_12' title='bbox 1953 283 1967 305; x_wconf 90' lang='lat'><strong>,</strong></span> <span class='ocrx_word' id='word_1_13' title='bbox 2001 251 2155 303; x_wconf 80' lang='lat' dir='ltr'><strong>rhetor,</strong></span> 
     </span>
     <span class='ocr_line' id='line_1_3' title="bbox 244 318 2160 378; baseline 0.002 -17"><span class='ocrx_word' id='word_1_14' title='bbox 244 328 402 377; x_wconf 89' lang='lat' dir='ltr'><strong>patrem</strong></span> <span class='ocrx_word' id='word_1_15' title='bbox 435 323 524 362; x_wconf 90' lang='lat' dir='ltr'><strong>eius</strong></span> <span class='ocrx_word' id='word_1_16' title='bbox 555 321 641 361; x_wconf 76' lang='lat' dir='ltr'><strong>fere</strong></span> <span class='ocrx_word' id='word_1_17' title='bbox 673 336 748 377; x_wconf 88' lang='lat' dir='ltr'><strong>pro</strong></span> <span class='ocrx_word' id='word_1_18' title='bbox 780 319 912 360; x_wconf 89' lang='lat' dir='ltr'><strong>nihilo</strong></span> <span class='ocrx_word' id='word_1_19' title='bbox 941 320 1157 362; x_wconf 88' lang='lat' dir='ltr'><strong>habuerat.</strong></span> <span class='ocrx_word' id='word_1_20' title='bbox 1233 318 1316 360; x_wconf 86' lang='lat' dir='ltr'><strong>Sed</strong></span> <span class='ocrx_word' id='word_1_21' title='bbox 1352 319 1453 361; x_wconf 88' lang='lat' dir='ltr'><strong>haec</strong></span> <span class='ocrx_word' id='word_1_22' title='bbox 1487 320 1788 376; x_wconf 79' lang='lat' dir='ltr'><strong>argumentatio</strong></span> <span class='ocrx_word' id='word_1_23' title='bbox 1827 319 2069 378; x_wconf 80' lang='lat' dir='ltr'><strong>longissime</strong></span> <span class='ocrx_word' id='word_1_24' title='bbox 2099 329 2160 364; x_wconf 87' lang='lat' dir='ltr'><strong>est</strong></span> 
     </span>
     <span class='ocr_line' id='line_1_4' title="bbox 244 392 2161 448; baseline 0.002 -16"><span class='ocrx_word' id='word_1_25' title='bbox 244 394 371 448; x_wconf 87' lang='lat' dir='ltr'><strong>petita</strong></span> <span class='ocrx_word' id='word_1_26' title='bbox 402 400 442 432; x_wconf 90' lang='lat' dir='ltr'><strong>et</strong></span> <span class='ocrx_word' id='word_1_27' title='bbox 470 392 655 433; x_wconf 90' lang='lat' dir='ltr'><strong>moribus</strong></span> <span class='ocrx_word' id='word_1_28' title='bbox 686 393 937 445; x_wconf 82' lang='lat' dir='ltr'><strong>Quintiliani</strong></span> <span class='ocrx_word' id='word_1_29' title='bbox 968 392 1246 448; x_wconf 82' lang='lat' dir='ltr'><strong>integerrimis</strong></span> <span class='ocrx_word' id='word_1_30' title='bbox 1286 406 1428 445; x_wconf 87' lang='lat' dir='ltr'><strong>parum</strong></span> <span class='ocrx_word' id='word_1_31' title='bbox 1467 406 1661 432; x_wconf 86' lang='lat' dir='ltr'><strong>consona.</strong></span> <span class='ocrx_word' id='word_1_32' title='bbox 1743 392 1839 445; x_wconf 90' lang='lat' dir='ltr'><strong>Quo</strong></span> <span class='ocrx_word' id='word_1_33' title='bbox 1879 394 2064 446; x_wconf 87' lang='lat' dir='ltr'><strong>accedit,</strong></span> <span class='ocrx_word' id='word_1_34' title='bbox 2116 401 2161 435; x_wconf 91' lang='lat' dir='ltr'><strong>ut</strong></span> 
     </span>
     <span class='ocr_line' id='line_1_5' title="bbox 245 462 2157 520; baseline 0.001 -15"><span class='ocrx_word' id='word_1_35' title='bbox 245 465 334 519; x_wconf 89' lang='lat' dir='ltr'><strong>ipse</strong></span> <span class='ocrx_word' id='word_1_36' title='bbox 363 463 649 516; x_wconf 81' lang='lat' dir='ltr'><strong>Quintilianus</strong></span> <span class='ocrx_word' id='word_1_37' title='bbox 676 479 844 519; x_wconf 91' lang='lat' dir='ltr'><strong>prorsus</strong></span> <span class='ocrx_word' id='word_1_38' title='bbox 875 462 994 504; x_wconf 88' lang='lat' dir='ltr'><strong>aliam</strong></span> <span class='ocrx_word' id='word_1_39' title='bbox 1026 464 1109 505; x_wconf 91' lang='lat' dir='ltr'><strong>odii</strong></span> <span class='ocrx_word' id='word_1_40' title='bbox 1140 477 1323 505; x_wconf 81' lang='lat' dir='ltr'><strong>caussam</strong></span> <span class='ocrx_word' id='word_1_41' title='bbox 1362 464 1514 518; x_wconf 89' lang='lat' dir='ltr'><strong>apertis</strong></span> <span class='ocrx_word' id='word_1_42' title='bbox 1551 462 1688 505; x_wconf 79' lang='lat' dir='ltr'><strong>verbis</strong></span> <span class='ocrx_word' id='word_1_43' title='bbox 1724 462 1845 506; x_wconf 89' lang='lat' dir='ltr'><strong>nobis</strong></span> <span class='ocrx_word' id='word_1_44' title='bbox 1876 463 2068 507; x_wconf 82' lang='lat' dir='ltr'><strong>indicarit</strong></span> <span class='ocrx_word' id='word_1_45' title='bbox 2083 467 2157 520; x_wconf 81' lang='grc'><strong>30).</strong></span> 
     </span>
     <span class='ocr_line' id='line_1_6' title="bbox 247 533 2161 589; baseline 0.001 -13"><span class='ocrx_word' id='word_1_46' title='bbox 247 534 415 576; x_wconf 85' lang='lat' dir='ltr'><strong>Scilicet</strong></span> <span class='ocrx_word' id='word_1_47' title='bbox 445 549 527 575; x_wconf 89' lang='lat' dir='ltr'><strong>non</strong></span> <span class='ocrx_word' id='word_1_48' title='bbox 559 536 694 575; x_wconf 81' lang='lat' dir='ltr'><strong>virum</strong></span> <span class='ocrx_word' id='word_1_49' title='bbox 721 534 816 575; x_wconf 90' lang='lat' dir='ltr'><strong>odio</strong></span> <span class='ocrx_word' id='word_1_50' title='bbox 847 542 1086 589; x_wconf 91' lang='lat' dir='ltr'><strong>persecutus</strong></span> <span class='ocrx_word' id='word_1_51' title='bbox 1128 541 1215 584; x_wconf 88' lang='lat' dir='ltr'><strong>est,</strong></span> <span class='ocrx_word' id='word_1_52' title='bbox 1257 533 1331 573; x_wconf 90' lang='lat' dir='ltr'><strong>sed</strong></span> <span class='ocrx_word' id='word_1_53' title='bbox 1368 539 1607 588; x_wconf 89' lang='lat' dir='ltr'><strong>corruptum</strong></span> <span class='ocrx_word' id='word_1_54' title='bbox 1639 536 1727 576; x_wconf 89' lang='lat' dir='ltr'><strong>cius</strong></span> <span class='ocrx_word' id='word_1_55' title='bbox 1765 542 1806 577; x_wconf 90' lang='lat' dir='ltr'><strong>et</strong></span> <span class='ocrx_word' id='word_1_56' title='bbox 1835 535 2026 577; x_wconf 86' lang='lat' dir='ltr'><strong>omnibus</strong></span> <span class='ocrx_word' id='word_1_57' title='bbox 2050 538 2161 578; x_wconf 82' lang='lat' dir='ltr'><strong>vitiis</strong></span> 
     </span>
     <span class='ocr_line' id='line_1_7' title="bbox 246 607 2163 664; baseline 0 -17"><span class='ocrx_word' id='word_1_58' title='bbox 246 608 423 648; x_wconf 85' lang='lat' dir='ltr'><strong>fractum</strong></span> <span class='ocrx_word' id='word_1_59' title='bbox 463 607 625 648; x_wconf 90' lang='lat' dir='ltr'><strong>dicendi</strong></span> <span class='ocrx_word' id='word_1_60' title='bbox 662 621 808 662; x_wconf 71' lang='lat' dir='ltr'><strong>genus·</strong></span> <span class='ocrx_word' id='word_1_61' title='bbox 875 608 964 646; x_wconf 90' lang='lat' dir='ltr'><strong>lmo</strong></span> <span class='ocrx_word' id='word_1_62' title='bbox 994 621 1092 647; x_wconf 82' lang='lat' dir='ltr'><strong>vero</strong></span> <span class='ocrx_word' id='word_1_63' title='bbox 1120 607 1364 662; x_wconf 66' lang='lat' dir='ltr'><strong>magnasjn</strong></span> <span class='ocrx_word' id='word_1_64' title='bbox 1397 621 1444 646; x_wconf 92' lang='lat' dir='ltr'><strong>eo</strong></span> <span class='ocrx_word' id='word_1_65' title='bbox 1475 608 1676 658; x_wconf 83' lang='lat' dir='ltr'><strong>virtutes,</strong></span> <span class='ocrx_word' id='word_1_66' title='bbox 1713 610 1926 664; x_wconf 86' lang='lat' dir='ltr'><strong>ingenium</strong></span> <span class='ocrx_word' id='word_1_67' title='bbox 1965 607 2085 649; x_wconf 77' lang='lat' dir='ltr'><strong>facile</strong></span> <span class='ocrx_word' id='word_1_68' title='bbox 2121 615 2163 648; x_wconf 89' lang='lat' dir='ltr'><strong>et</strong></span> 
     </span>
     <span class='ocr_line' id='line_1_8' title="bbox 246 678 2162 734; baseline -0.001 -14"><span class='ocrx_word' id='word_1_69' title='bbox 246 680 485 734; x_wconf 89' lang='lat' dir='ltr'><strong>copiosum,</strong></span> <span class='ocrx_word' id='word_1_70' title='bbox 534 679 756 733; x_wconf 91' lang='lat' dir='ltr'><strong>plurimum</strong></span> <span class='ocrx_word' id='word_1_71' title='bbox 791 678 940 729; x_wconf 85' lang='lat' dir='ltr'><strong>studii,</strong></span> <span class='ocrx_word' id='word_1_72' title='bbox 986 678 1153 718; x_wconf 82' lang='lat' dir='ltr'><strong>multam</strong></span> <span class='ocrx_word' id='word_1_73' title='bbox 1193 693 1330 718; x_wconf 89' lang='lat' dir='ltr'><strong>rerum</strong></span> <span class='ocrx_word' id='word_1_74' title='bbox 1361 679 1637 733; x_wconf 87' lang='lat' dir='ltr'><strong>cognitionem</strong></span> <span class='ocrx_word' id='word_1_75' title='bbox 1662 678 1899 733; x_wconf 87' lang='lat' dir='ltr'><strong>praedicare</strong></span> <span class='ocrx_word' id='word_1_76' title='bbox 1929 693 2012 720; x_wconf 89' lang='lat' dir='ltr'><strong>non</strong></span> <span class='ocrx_word' id='word_1_77' title='bbox 2043 678 2162 719; x_wconf 86' lang='lat' dir='ltr'><strong>dubi-</strong></span> 
     </span>
     <span class='ocr_line' id='line_1_9' title="bbox 246 750 2163 807; baseline 0.001 -15"><span class='ocrx_word' id='word_1_78' title='bbox 246 752 378 804; x_wconf 67' lang='lat' dir='ltr'><strong>tavit,</strong></span> <span class='ocrx_word' id='word_1_79' title='bbox 437 766 511 793; x_wconf 88' lang='lat' dir='ltr'><strong>nec</strong></span> <span class='ocrx_word' id='word_1_80' title='bbox 537 752 707 792; x_wconf 92' lang='lat' dir='ltr'><strong>omnino</strong></span> <span class='ocrx_word' id='word_1_81' title='bbox 739 766 831 793; x_wconf 90' lang='lat' dir='ltr'><strong>eum</strong></span> <span class='ocrx_word' id='word_1_82' title='bbox 875 758 1045 792; x_wconf 91' lang='lat' dir='ltr'><strong>conatus</strong></span> <span class='ocrx_word' id='word_1_83' title='bbox 1085 758 1146 791; x_wconf 88' lang='lat' dir='ltr'><strong>est</strong></span> <span class='ocrx_word' id='word_1_84' title='bbox 1186 756 1401 802; x_wconf 76' lang='lat' dir='ltr'><strong>excutere,</strong></span> <span class='ocrx_word' id='word_1_85' title='bbox 1445 750 1540 802; x_wconf 90' lang='lat' dir='ltr'><strong>sed,</strong></span> <span class='ocrx_word' id='word_1_86' title='bbox 1587 765 1712 807; x_wconf 85' lang='lat' dir='ltr'><strong>quum</strong></span> <span class='ocrx_word' id='word_1_87' title='bbox 1754 751 1842 807; x_wconf 88' lang='lat' dir='ltr'><strong>ipse</strong></span> <span class='ocrx_word' id='word_1_88' title='bbox 1886 753 2070 793; x_wconf 86' lang='lat' dir='ltr'><strong>homines</strong></span> <span class='ocrx_word' id='word_1_89' title='bbox 2110 750 2163 792; x_wconf 86' lang='lat' dir='ltr'><strong>ad</strong></span> 
     </span>
     <span class='ocr_line' id='line_1_10' title="bbox 246 820 2163 879; baseline 0.001 -16"><span class='ocrx_word' id='word_1_90' title='bbox 246 823 432 863; x_wconf 78' lang='lat' dir='ltr'><strong>severius</strong></span> <span class='ocrx_word' id='word_1_91' title='bbox 462 824 728 879; x_wconf 84' lang='lat' dir='ltr'><strong>antiquorum</strong></span> <span class='ocrx_word' id='word_1_92' title='bbox 756 822 919 864; x_wconf 89' lang='lat' dir='ltr'><strong>dicendi</strong></span> <span class='ocrx_word' id='word_1_93' title='bbox 946 837 1079 878; x_wconf 80' lang='lat' dir='ltr'><strong>genus</strong></span> <span class='ocrx_word' id='word_1_94' title='bbox 1102 828 1333 872; x_wconf 84' lang='lat' dir='ltr'><strong>revocaret,</strong></span> <span class='ocrx_word' id='word_1_95' title='bbox 1377 820 1607 876; x_wconf 88' lang='lat' dir='ltr'><strong>potioribus</strong></span> <span class='ocrx_word' id='word_1_96' title='bbox 1635 837 1755 874; x_wconf 88' lang='lat' dir='ltr'><strong>enm,</strong></span> <span class='ocrx_word' id='word_1_97' title='bbox 1794 837 1897 879; x_wconf 84' lang='lat' dir='ltr'><strong>quos</strong></span> <span class='ocrx_word' id='word_1_98' title='bbox 1928 838 2012 864; x_wconf 89' lang='lat' dir='ltr'><strong>uon</strong></span> <span class='ocrx_word' id='word_1_99' title='bbox 2041 824 2163 865; x_wconf 90' lang='lat' dir='ltr'><strong>desti-</strong></span> 
     </span>
     <span class='ocr_line' id='line_1_11' title="bbox 247 893 2163 952; baseline 0.001 -16"><span class='ocrx_word' id='word_1_100' title='bbox 247 901 353 936; x_wconf 82' lang='lat' dir='ltr'><strong>terat</strong></span> <span class='ocrx_word' id='word_1_101' title='bbox 378 895 609 945; x_wconf 84' lang='lat' dir='ltr'><strong>incessere,</strong></span> <span class='ocrx_word' id='word_1_102' title='bbox 657 895 856 950; x_wconf 83' lang='lat' dir='ltr'><strong>praeferri</strong></span> <span class='ocrx_word' id='word_1_103' title='bbox 889 894 1034 935; x_wconf 90' lang='lat' dir='ltr'><strong>noluit.</strong></span> <span class='ocrx_word' id='word_1_104' title='bbox 1099 893 1210 934; x_wconf 89' lang='lat' dir='ltr'><strong>Num</strong></span> <span class='ocrx_word' id='word_1_105' title='bbox 1238 908 1335 935; x_wconf 75' lang='lat' dir='ltr'><strong>vero</strong></span> <span class='ocrx_word' id='word_1_106' title='bbox 1367 901 1475 935; x_wconf 90' lang='lat' dir='ltr'><strong>recte</strong></span> <span class='ocrx_word' id='word_1_107' title='bbox 1506 896 1669 935; x_wconf 88' lang='lat' dir='ltr'><strong>censuit</strong></span> <span class='ocrx_word' id='word_1_108' title='bbox 1698 895 1994 952; x_wconf 79' lang='lat' dir='ltr'><strong>Spaldingius?</strong></span> <span class='ocrx_word' id='word_1_109' title='bbox 2052 897 2163 938; x_wconf 87' lang='lat' dir='ltr'><strong>Haec</strong></span> 
     </span>
     <span class='ocr_line' id='line_1_12' title="bbox 248 964 2163 1021; baseline 0.001 -16"><span class='ocrx_word' id='word_1_110' title='bbox 248 979 402 1021; x_wconf 86' lang='lat' dir='ltr'><strong>quaeso</strong></span> <span class='ocrx_word' id='word_1_111' title='bbox 443 966 591 1021; x_wconf 86' lang='lat' dir='ltr'><strong>cogita.</strong></span> <span class='ocrx_word' id='word_1_112' title='bbox 670 966 729 1005; x_wconf 87' lang='grc' dir='ltr'><strong>Μ.</strong></span> <span class='ocrx_word' id='word_1_113' title='bbox 765 967 961 1005; x_wconf 82' lang='lat' dir='ltr'><strong>Annaeus</strong></span> <span class='ocrx_word' id='word_1_114' title='bbox 1004 964 1159 1005; x_wconf 86' lang='lat' dir='ltr'><strong>Seneca</strong></span> <span class='ocrx_word' id='word_1_115' title='bbox 1201 965 1367 1019; x_wconf 85' lang='lat' dir='ltr'><strong>scripsit</strong></span> <span class='ocrx_word' id='word_1_116' title='bbox 1411 967 1782 1006; x_wconf 87' lang='lat' dir='ltr'><strong>controversiarum</strong></span> <span class='ocrx_word' id='word_1_117' title='bbox 1825 965 1953 1007; x_wconf 87' lang='lat' dir='ltr'><strong>libros</strong></span> <span class='ocrx_word' id='word_1_118' title='bbox 1992 965 2163 1007; x_wconf 88' lang='lat' dir='ltr'><strong>Tiberio</strong></span> 
     </span>
     <span class='ocr_line' id='line_1_13' title="bbox 246 1034 2164 1094; baseline 0.001 -18"><span class='ocrx_word' id='word_1_119' title='bbox 246 1038 502 1090; x_wconf 81' lang='lat' dir='ltr'><strong>imperante,</strong></span> <span class='ocrx_word' id='word_1_120' title='bbox 547 1038 621 1092; x_wconf 88' lang='lat' dir='ltr'><strong>qui</strong></span> <span class='ocrx_word' id='word_1_121' title='bbox 648 1044 836 1077; x_wconf 90' lang='lat' dir='ltr'><strong>mortuus</strong></span> <span class='ocrx_word' id='word_1_122' title='bbox 867 1043 929 1076; x_wconf 90' lang='lat' dir='ltr'><strong>est</strong></span> <span class='ocrx_word' id='word_1_123' title='bbox 957 1050 1064 1076; x_wconf 87' lang='lat' dir='ltr'><strong>anno</strong></span> <span class='ocrx_word' id='word_1_124' title='bbox 1095 1034 1155 1075; x_wconf 83' lang='grc'><strong>57</strong></span> <span class='ocrx_word' id='word_1_125' title='bbox 1185 1051 1226 1090; x_wconf 88' lang='lat' dir='ltr'><strong>p.</strong></span> <span class='ocrx_word' id='word_1_126' title='bbox 1265 1036 1343 1076; x_wconf 87' lang='lat' dir='ltr'><strong>Ch.</strong></span> <span class='ocrx_word' id='word_1_127' title='bbox 1379 1053 1421 1076; x_wconf 91' lang='lat' dir='ltr'><strong>n.</strong></span> <span class='ocrx_word' id='word_1_128' title='bbox 1446 1038 1519 1094; x_wconf 84' lang='grc'><strong>31).</strong></span> <span class='ocrx_word' id='word_1_129' title='bbox 1592 1039 1640 1078; x_wconf 90' lang='lat' dir='ltr'><strong>ln</strong></span> <span class='ocrx_word' id='word_1_130' title='bbox 1669 1040 1720 1078; x_wconf 89' lang='lat' dir='ltr'><strong>iis</strong></span> <span class='ocrx_word' id='word_1_131' title='bbox 1745 1045 1881 1080; x_wconf 88' lang='lat' dir='ltr'><strong>autem</strong></span> <span class='ocrx_word' id='word_1_132' title='bbox 1914 1038 2164 1091; x_wconf 86' lang='lat' dir='ltr'><strong>Quintiliani</strong></span> 
     </span>
     <span class='ocr_line' id='line_1_14' title="bbox 246 1108 2163 1167; baseline -0.001 -18"><span class='ocrx_word' id='word_1_133' title='bbox 246 1109 366 1149; x_wconf 87' lang='lat' dir='ltr'><strong>istius</strong></span> <span class='ocrx_word' id='word_1_134' title='bbox 396 1109 645 1148; x_wconf 90' lang='lat' dir='ltr'><strong>mentionem</strong></span> <span class='ocrx_word' id='word_1_135' title='bbox 681 1108 780 1148; x_wconf 82' lang='lat' dir='ltr'><strong>fecit</strong></span> <span class='ocrx_word' id='word_1_136' title='bbox 811 1114 856 1148; x_wconf 90' lang='lat' dir='ltr'><strong>ut</strong></span> <span class='ocrx_word' id='word_1_137' title='bbox 886 1108 1062 1159; x_wconf 71' lang='lat' dir='ltr'><strong>mortui,</strong></span> <span class='ocrx_word' id='word_1_138' title='bbox 1107 1122 1229 1148; x_wconf 76' lang='lat' dir='ltr'><strong>»nam</strong></span> <span class='ocrx_word' id='word_1_139' title='bbox 1261 1115 1449 1162; x_wconf 80' lang='lat' dir='ltr'><strong>transeo,</strong></span> <span class='ocrx_word' id='word_1_140' title='bbox 1493 1112 1652 1167; x_wconf 86' lang='lat' dir='ltr'><strong>inquit,</strong></span> <span class='ocrx_word' id='word_1_141' title='bbox 1696 1109 1818 1162; x_wconf 89' lang='lat' dir='ltr'><strong>illos,</strong></span> <span class='ocrx_word' id='word_1_142' title='bbox 1852 1124 2028 1167; x_wconf 90' lang='lat' dir='ltr'><strong>quorum</strong></span> <span class='ocrx_word' id='word_1_143' title='bbox 2054 1108 2163 1149; x_wconf 82' lang='lat' dir='ltr'><strong>fama</strong></span> 
     </span>
     <span class='ocr_line' id='line_1_15' title="bbox 247 1179 2160 1238; baseline -0.002 -15"><span class='ocrx_word' id='word_1_144' title='bbox 247 1180 473 1236; x_wconf 77' lang='lat' dir='ltr'><strong>cum&#39;ipsis</strong></span> <span class='ocrx_word' id='word_1_145' title='bbox 503 1179 683 1220; x_wconf 84' lang='lat' dir='ltr'><strong>extincta</strong></span> <span class='ocrx_word' id='word_1_146' title='bbox 712 1186 788 1219; x_wconf 86' lang='lat' dir='ltr'><strong>est.</strong></span> <span class='ocrx_word' id='word_1_147' title='bbox 808 1198 821 1214; x_wconf 83' lang='lat'>«</span> <span class='ocrx_word' id='word_1_148' title='bbox 893 1180 1005 1236; x_wconf 80' lang='lat' dir='ltr'><strong>Ergo</strong></span> <span class='ocrx_word' id='word_1_149' title='bbox 1048 1179 1118 1220; x_wconf 87' lang='lat' dir='ltr'><strong>ille</strong></span> <span class='ocrx_word' id='word_1_150' title='bbox 1151 1185 1275 1235; x_wconf 76' lang='lat' dir='ltr'><strong>pater</strong></span> <span class='ocrx_word' id='word_1_151' title='bbox 1317 1194 1406 1221; x_wconf 87' lang='lat' dir='ltr'><strong>esse</strong></span> <span class='ocrx_word' id='word_1_152' title='bbox 1446 1196 1528 1223; x_wconf 91' lang='lat' dir='ltr'><strong>non</strong></span> <span class='ocrx_word' id='word_1_153' title='bbox 1560 1182 1696 1238; x_wconf 88' lang='lat' dir='ltr'><strong>potuit</strong></span> <span class='ocrx_word' id='word_1_154' title='bbox 1727 1181 1977 1235; x_wconf 85' lang='lat' dir='ltr'><strong>Quintiliani</strong></span> <span class='ocrx_word' id='word_1_155' title='bbox 2012 1180 2160 1230; x_wconf 87' lang='lat' dir='ltr'><strong>nostri,</strong></span> 
     </span>
     <span class='ocr_line' id='line_1_16' title="bbox 248 1250 2162 1307; baseline -0.001 -16"><span class='ocrx_word' id='word_1_156' title='bbox 248 1253 345 1307; x_wconf 88' lang='lat' dir='ltr'><strong>qui,</strong></span> <span class='ocrx_word' id='word_1_157' title='bbox 386 1258 432 1290; x_wconf 91' lang='lat' dir='ltr'><strong>ut</strong></span> <span class='ocrx_word' id='word_1_158' title='bbox 461 1264 556 1290; x_wconf 85' lang='lat' dir='ltr'><strong>mox</strong></span> <span class='ocrx_word' id='word_1_159' title='bbox 579 1250 836 1301; x_wconf 82' lang='lat' dir='ltr'><strong>videbimus,</strong></span> <span class='ocrx_word' id='word_1_160' title='bbox 877 1259 1037 1291; x_wconf 88' lang='lat' dir='ltr'><strong>mortuo</strong></span> <span class='ocrx_word' id='word_1_161' title='bbox 1069 1251 1232 1291; x_wconf 87' lang='lat' dir='ltr'><strong>demum</strong></span> <span class='ocrx_word' id='word_1_162' title='bbox 1267 1251 1436 1292; x_wconf 89' lang='lat' dir='ltr'><strong>Tiberio</strong></span> <span class='ocrx_word' id='word_1_163' title='bbox 1467 1260 1587 1293; x_wconf 89' lang='lat' dir='ltr'><strong>natus</strong></span> <span class='ocrx_word' id='word_1_164' title='bbox 1619 1260 1681 1293; x_wconf 87' lang='lat' dir='ltr'><strong>est</strong></span> <span class='ocrx_word' id='word_1_165' title='bbox 1699 1253 1772 1307; x_wconf 79' lang='lat'><strong>32).</strong></span> <span class='ocrx_word' id='word_1_166' title='bbox 1836 1251 1953 1304; x_wconf 85' lang='lat' dir='ltr'><strong>Quae</strong></span> <span class='ocrx_word' id='word_1_167' title='bbox 1983 1265 2076 1291; x_wconf 90' lang='lat' dir='ltr'><strong>eum</strong></span> <span class='ocrx_word' id='word_1_168' title='bbox 2105 1251 2162 1290; x_wconf 85' lang='lat' dir='ltr'><strong>ita</strong></span> 
     </span>
     <span class='ocr_line' id='line_1_17' title="bbox 250 1321 2162 1375; baseline 0 -13"><span class='ocrx_word' id='word_1_169' title='bbox 250 1324 356 1372; x_wconf 87' lang='lat' dir='ltr'><strong>sint,</strong></span> <span class='ocrx_word' id='word_1_170' title='bbox 390 1323 525 1361; x_wconf 91' lang='lat' dir='ltr'><strong>missis</strong></span> <span class='ocrx_word' id='word_1_171' title='bbox 551 1321 799 1362; x_wconf 90' lang='lat' dir='ltr'><strong>coniiciendi</strong></span> <span class='ocrx_word' id='word_1_172' title='bbox 827 1322 1037 1373; x_wconf 82' lang='lat' dir='ltr'><strong>artificiis,</strong></span> <span class='ocrx_word' id='word_1_173' title='bbox 1071 1323 1161 1363; x_wconf 88' lang='lat' dir='ltr'><strong>sine</strong></span> <span class='ocrx_word' id='word_1_174' title='bbox 1191 1322 1337 1364; x_wconf 81' lang='lat' dir='ltr'><strong>fraude</strong></span> <span class='ocrx_word' id='word_1_175' title='bbox 1369 1325 1595 1375; x_wconf 81' lang='lat' dir='ltr'><strong>fateamur,</strong></span> <span class='ocrx_word' id='word_1_176' title='bbox 1636 1339 1710 1364; x_wconf 92' lang='lat' dir='ltr'><strong>nos</strong></span> <span class='ocrx_word' id='word_1_177' title='bbox 1741 1325 1841 1365; x_wconf 89' lang='lat' dir='ltr'><strong>certi</strong></span> <span class='ocrx_word' id='word_1_178' title='bbox 1873 1322 1976 1363; x_wconf 82' lang='lat' dir='ltr'><strong>nihil</strong></span> <span class='ocrx_word' id='word_1_179' title='bbox 2006 1337 2081 1363; x_wconf 92' lang='lat' dir='ltr'><strong>nec</strong></span> <span class='ocrx_word' id='word_1_180' title='bbox 2112 1321 2162 1362; x_wconf 90' lang='lat' dir='ltr'><strong>de</strong></span> 
     </span>
     <span class='ocr_line' id='line_1_18' title="bbox 250 1394 2164 1451; baseline -0.002 -15"><span class='ocrx_word' id='word_1_181' title='bbox 250 1402 383 1451; x_wconf 82' lang='lat' dir='ltr'><strong>patre,</strong></span> <span class='ocrx_word' id='word_1_182' title='bbox 417 1409 491 1435; x_wconf 93' lang='lat' dir='ltr'><strong>nec</strong></span> <span class='ocrx_word' id='word_1_183' title='bbox 513 1394 562 1435; x_wconf 93' lang='lat' dir='ltr'><strong>de</strong></span> <span class='ocrx_word' id='word_1_184' title='bbox 583 1409 659 1436; x_wconf 84' lang='lat' dir='ltr'><strong>avo</strong></span> <span class='ocrx_word' id='word_1_185' title='bbox 682 1394 933 1448; x_wconf 83' lang='lat' dir='ltr'><strong>Quintiliani</strong></span> <span class='ocrx_word' id='word_1_186' title='bbox 963 1401 1215 1450; x_wconf 87' lang='lat' dir='ltr'><strong>compertum</strong></span> <span class='ocrx_word' id='word_1_187' title='bbox 1245 1394 1422 1448; x_wconf 87' lang='lat' dir='ltr'><strong>habere,</strong></span> <span class='ocrx_word' id='word_1_188' title='bbox 1457 1394 1650 1437; x_wconf 86' lang='lat' dir='ltr'><strong>inclinari</strong></span> <span class='ocrx_word' id='word_1_189' title='bbox 1675 1401 1811 1437; x_wconf 90' lang='lat' dir='ltr'><strong>autem</strong></span> <span class='ocrx_word' id='word_1_190' title='bbox 1839 1396 1883 1436; x_wconf 89' lang='lat' dir='ltr'><strong>in</strong></span> <span class='ocrx_word' id='word_1_191' title='bbox 1908 1408 2050 1436; x_wconf 86' lang='lat' dir='ltr'><strong>eornm</strong></span> <span class='ocrx_word' id='word_1_192' title='bbox 2070 1407 2164 1434; x_wconf 91' lang='lat' dir='ltr'><strong>sen·</strong></span> 
     </span>
    </p>
   </div>
   <div class='ocr_carea' id='block_1_3' title="bbox 250 1466 2164 1595">
    <p class='ocr_par' dir='ltr' id='par_1_3' title="bbox 250 1466 2164 1595">
     <span class='ocr_line' id='line_1_19' title="bbox 250 1466 2164 1522; baseline -0.002 -15"><span class='ocrx_word' id='word_1_193' title='bbox 250 1468 444 1517; x_wconf 84' lang='lat' dir='ltr'><strong>tentiam,</strong></span> <span class='ocrx_word' id='word_1_194' title='bbox 493 1468 565 1522; x_wconf 89' lang='lat' dir='ltr'><strong>qui</strong></span> <span class='ocrx_word' id='word_1_195' title='bbox 604 1473 761 1521; x_wconf 87' lang='lat' dir='ltr'><strong>patrem</strong></span> <span class='ocrx_word' id='word_1_196' title='bbox 799 1481 821 1506; x_wconf 94' lang='lat' dir='ltr'><strong>a</strong></span> <span class='ocrx_word' id='word_1_197' title='bbox 855 1467 944 1506; x_wconf 79' lang='lat' dir='ltr'><strong>viro</strong></span> <span class='ocrx_word' id='word_1_198' title='bbox 974 1466 1149 1521; x_wconf 81' lang='lat' dir='ltr'><strong>ignobili</strong></span> <span class='ocrx_word' id='word_1_199' title='bbox 1187 1467 1297 1522; x_wconf 87' lang='lat' dir='ltr'><strong>apud</strong></span> <span class='ocrx_word' id='word_1_200' title='bbox 1328 1467 1528 1509; x_wconf 89' lang='lat' dir='ltr'><strong>Senecam</strong></span> <span class='ocrx_word' id='word_1_201' title='bbox 1573 1467 1794 1509; x_wconf 89' lang='lat' dir='ltr'><strong>discretum</strong></span> <span class='ocrx_word' id='word_1_202' title='bbox 1833 1469 2038 1508; x_wconf 86' lang='lat' dir='ltr'><strong>rhetorem</strong></span> <span class='ocrx_word' id='word_1_203' title='bbox 2076 1478 2164 1505; x_wconf 89' lang='lat' dir='ltr'><strong>esse</strong></span> 
     </span>
     <span class='ocr_line' id='line_1_20' title="bbox 251 1537 581 1595; baseline -0.003 -15"><span class='ocrx_word' id='word_1_204' title='bbox 251 1539 490 1580; x_wconf 82' lang='lat' dir='ltr'><strong>existimant</strong></span> <span class='ocrx_word' id='word_1_205' title='bbox 506 1537 581 1595; x_wconf 88' lang='grc'><strong>33).</strong></span> 
     </span>
    </p>
   </div>
   <div class='ocr_carea' id='block_1_4' title="bbox 723 1688 1688 1731">
    <p class='ocr_par' dir='ltr' id='par_1_4' title="bbox 723 1688 1688 1731">
     <span class='ocr_line' id='line_1_21' title="bbox 723 1688 1688 1731; baseline -0.002 -6"><span class='ocrx_word' id='word_1_206' title='bbox 723 1689 837 1730; x_wconf 67' lang='lat' dir='ltr'><strong>Quo</strong></span> <span class='ocrx_word' id='word_1_207' title='bbox 874 1696 1013 1726; x_wconf 76' lang='lat' dir='ltr'><strong>anno</strong></span> <span class='ocrx_word' id='word_1_208' title='bbox 1044 1688 1391 1731; x_wconf 62' lang='lat' dir='ltr'><strong>Quintilianus</strong></span> <span class='ocrx_word' id='word_1_209' title='bbox 1427 1688 1578 1724; x_wconf 76' lang='lat' dir='ltr'><strong>natus</strong></span> <span class='ocrx_word' id='word_1_210' title='bbox 1608 1688 1688 1724; x_wconf 75' lang='lat' dir='ltr'><strong>sit.</strong></span> 
     </span>
    </p>
   </div>
   <div class='ocr_carea' id='block_1_5' title="bbox 251 1797 2167 2287">
    <p class='ocr_par' dir='ltr' id='par_1_5' title="bbox 251 1797 2167 2287">
     <span class='ocr_line' id='line_1_22' title="bbox 443 1797 2166 1858; baseline -0.002 -16"><span class='ocrx_word' id='word_1_211' title='bbox 443 1800 605 1842; x_wconf 79' lang='lat' dir='ltr'><strong>Natalis</strong></span> <span class='ocrx_word' id='word_1_212' title='bbox 636 1800 886 1855; x_wconf 90' lang='lat' dir='ltr'><strong>Quintiliani</strong></span> <span class='ocrx_word' id='word_1_213' title='bbox 916 1816 1049 1842; x_wconf 87' lang='lat' dir='ltr'><strong>annus</strong></span> <span class='ocrx_word' id='word_1_214' title='bbox 1079 1801 1175 1844; x_wconf 88' lang='lat' dir='ltr'><strong>licet</strong></span> <span class='ocrx_word' id='word_1_215' title='bbox 1207 1814 1409 1858; x_wconf 87' lang='lat' dir='ltr'><strong>nusquam</strong></span> <span class='ocrx_word' id='word_1_216' title='bbox 1445 1806 1693 1841; x_wconf 88' lang='lat' dir='ltr'><strong>memoretur</strong></span> <span class='ocrx_word' id='word_1_217' title='bbox 1728 1797 1864 1841; x_wconf 83' lang='lat' dir='ltr'><strong>verbis</strong></span> <span class='ocrx_word' id='word_1_218' title='bbox 1902 1797 2089 1848; x_wconf 86' lang='lat' dir='ltr'><strong>disertis,</strong></span> <span class='ocrx_word' id='word_1_219' title='bbox 2129 1799 2166 1839; x_wconf 91' lang='lat' dir='ltr'><strong>si</strong></span> 
     </span>
     <span class='ocr_line' id='line_1_23' title="bbox 251 1869 2165 1928; baseline -0.004 -12"><span class='ocrx_word' id='word_1_220' title='bbox 251 1890 335 1916; x_wconf 89' lang='lat' dir='ltr'><strong>non</strong></span> <span class='ocrx_word' id='word_1_221' title='bbox 367 1873 418 1914; x_wconf 89' lang='lat' dir='ltr'><strong>ad</strong></span> <span class='ocrx_word' id='word_1_222' title='bbox 449 1888 632 1924; x_wconf 90' lang='lat' dir='ltr'><strong>annum,</strong></span> <span class='ocrx_word' id='word_1_223' title='bbox 679 1880 720 1913; x_wconf 90' lang='lat' dir='ltr'><strong>at</strong></span> <span class='ocrx_word' id='word_1_224' title='bbox 750 1879 860 1914; x_wconf 91' lang='lat' dir='ltr'><strong>certe</strong></span> <span class='ocrx_word' id='word_1_225' title='bbox 889 1874 987 1913; x_wconf 85' lang='lat' dir='ltr'><strong>satis</strong></span> <span class='ocrx_word' id='word_1_226' title='bbox 1018 1880 1204 1913; x_wconf 88' lang='lat' dir='ltr'><strong>accurate</strong></span> <span class='ocrx_word' id='word_1_227' title='bbox 1236 1879 1413 1928; x_wconf 85' lang='lat' dir='ltr'><strong>quatuor</strong></span> <span class='ocrx_word' id='word_1_228' title='bbox 1441 1872 1542 1911; x_wconf 88' lang='lat' dir='ltr'><strong>locis</strong></span> <span class='ocrx_word' id='word_1_229' title='bbox 1573 1872 1773 1911; x_wconf 87' lang='lat' dir='ltr'><strong>oratoriae</strong></span> <span class='ocrx_word' id='word_1_230' title='bbox 1800 1871 2071 1910; x_wconf 89' lang='lat' dir='ltr'><strong>institutionis</strong></span> <span class='ocrx_word' id='word_1_231' title='bbox 2095 1869 2165 1909; x_wconf 91' lang='lat' dir='ltr'><strong>ad-</strong></span> 
     </span>
     <span class='ocr_line' id='line_1_24' title="bbox 251 1941 2163 1999; baseline -0.004 -12"><span class='ocrx_word' id='word_1_232' title='bbox 251 1944 492 1987; x_wconf 79' lang='lat' dir='ltr'><strong>iuvantibus</strong></span> <span class='ocrx_word' id='word_1_233' title='bbox 520 1949 656 1999; x_wconf 88' lang='lat' dir='ltr'><strong>potest</strong></span> <span class='ocrx_word' id='word_1_234' title='bbox 686 1942 864 1984; x_wconf 84' lang='lat' dir='ltr'><strong>definiri.</strong></span> <span class='ocrx_word' id='word_1_235' title='bbox 929 1944 977 1983; x_wconf 87' lang='lat' dir='ltr'><strong>ln</strong></span> <span class='ocrx_word' id='word_1_236' title='bbox 1011 1945 1141 1998; x_wconf 89' lang='lat' dir='ltr'><strong>primo</strong></span> <span class='ocrx_word' id='word_1_237' title='bbox 1171 1959 1309 1984; x_wconf 88' lang='lat' dir='ltr'><strong>eorum</strong></span> <span class='ocrx_word' id='word_1_238' title='bbox 1334 1944 1367 1999; x_wconf 84' lang='lat'><strong>¹)</strong></span> <span class='ocrx_word' id='word_1_239' title='bbox 1396 1943 1680 1996; x_wconf 87' lang='lat' dir='ltr'><strong>Quintilianus</strong></span> <span class='ocrx_word' id='word_1_240' title='bbox 1716 1942 1796 1982; x_wconf 82' lang='lat' dir='ltr'><strong>»Et</strong></span> <span class='ocrx_word' id='word_1_241' title='bbox 1821 1941 1980 1992; x_wconf 90' lang='lat' dir='ltr'><strong>Pollio,</strong></span> <span class='ocrx_word' id='word_1_242' title='bbox 2010 1941 2163 1996; x_wconf 87' lang='lat' dir='ltr'><strong>inquit,</strong></span> 
     </span>
     <span class='ocr_line' id='line_1_25' title="bbox 252 2011 2166 2068; baseline -0.004 -9"><span class='ocrx_word' id='word_1_243' title='bbox 252 2024 391 2059; x_wconf 87' lang='lat' dir='ltr'><strong>noster</strong></span> <span class='ocrx_word' id='word_1_244' title='bbox 416 2024 457 2057; x_wconf 91' lang='lat' dir='ltr'><strong>et</strong></span> <span class='ocrx_word' id='word_1_245' title='bbox 478 2015 657 2057; x_wconf 84' lang='lat' dir='ltr'><strong>Messala</strong></span> <span class='ocrx_word' id='word_1_246' title='bbox 691 2015 965 2056; x_wconf 78' lang='lat' dir='ltr'><strong>defenderunt</strong></span> <span class='ocrx_word' id='word_1_247' title='bbox 995 2015 1184 2066; x_wconf 87' lang='lat' dir='ltr'><strong>eosdem,</strong></span> <span class='ocrx_word' id='word_1_248' title='bbox 1230 2022 1270 2055; x_wconf 90' lang='lat' dir='ltr'><strong>ct</strong></span> <span class='ocrx_word' id='word_1_249' title='bbox 1306 2014 1426 2056; x_wconf 89' lang='lat' dir='ltr'><strong>nobis</strong></span> <span class='ocrx_word' id='word_1_250' title='bbox 1463 2015 1602 2068; x_wconf 90' lang='lat' dir='ltr'><strong>pueris</strong></span> <span class='ocrx_word' id='word_1_251' title='bbox 1634 2013 1819 2067; x_wconf 86' lang='lat' dir='ltr'><strong>insignes</strong></span> <span class='ocrx_word' id='word_1_252' title='bbox 1850 2027 1924 2066; x_wconf 87' lang='lat' dir='ltr'><strong>pro</strong></span> <span class='ocrx_word' id='word_1_253' title='bbox 1955 2011 2166 2052; x_wconf 87' lang='lat' dir='ltr'><strong>Voluseno</strong></span> 
     </span>
     <span class='ocr_line' id='line_1_26' title="bbox 254 2080 2167 2142; baseline -0.004 -12"><span class='ocrx_word' id='word_1_254' title='bbox 254 2088 401 2131; x_wconf 87' lang='lat' dir='ltr'><strong>Catulo</strong></span> <span class='ocrx_word' id='word_1_255' title='bbox 419 2088 591 2129; x_wconf 85' lang='lat' dir='ltr'><strong>Domitii</strong></span> <span class='ocrx_word' id='word_1_256' title='bbox 605 2086 723 2138; x_wconf 80' lang='lat' dir='ltr'><strong>Afri,</strong></span> <span class='ocrx_word' id='word_1_257' title='bbox 757 2087 892 2142; x_wconf 87' lang='lat' dir='ltr'><strong>Crispi</strong></span> <span class='ocrx_word' id='word_1_258' title='bbox 920 2087 1128 2137; x_wconf 85' lang='lat' dir='ltr'><strong>Passieni,</strong></span> <span class='ocrx_word' id='word_1_259' title='bbox 1162 2086 1322 2127; x_wconf 91' lang='lat' dir='ltr'><strong>Decimi</strong></span> <span class='ocrx_word' id='word_1_260' title='bbox 1339 2084 1468 2126; x_wconf 85' lang='lat' dir='ltr'><strong>Laelii</strong></span> <span class='ocrx_word' id='word_1_261' title='bbox 1496 2084 1701 2125; x_wconf 87' lang='lat' dir='ltr'><strong>orationes</strong></span> <span class='ocrx_word' id='word_1_262' title='bbox 1728 2080 1978 2124; x_wconf 80' lang='lat' dir='ltr'><strong>ferebantur.</strong></span> <span class='ocrx_word' id='word_1_263' title='bbox 2000 2102 2013 2119; x_wconf 71' lang='grc' dir='ltr'>ι</span> <span class='ocrx_word' id='word_1_264' title='bbox 2058 2082 2167 2123; x_wconf 87' lang='lat' dir='ltr'><strong>Puer</strong></span> 
     </span>
     <span class='ocr_line' id='line_1_27' title="bbox 252 2154 2165 2218; baseline -0.006 -16"><span class='ocrx_word' id='word_1_265' title='bbox 252 2162 383 2218; x_wconf 86' lang='lat' dir='ltr'><strong>igitur</strong></span> <span class='ocrx_word' id='word_1_266' title='bbox 413 2159 491 2200; x_wconf 84' lang='lat' dir='ltr'><strong>suit</strong></span> <span class='ocrx_word' id='word_1_267' title='bbox 518 2158 804 2213; x_wconf 89' lang='lat' dir='ltr'><strong>Quintilianus</strong></span> <span class='ocrx_word' id='word_1_268' title='bbox 836 2173 884 2200; x_wconf 91' lang='lat' dir='ltr'><strong>eo</strong></span> <span class='ocrx_word' id='word_1_269' title='bbox 914 2166 1120 2215; x_wconf 88' lang='lat' dir='ltr'><strong>tempore,</strong></span> <span class='ocrx_word' id='word_1_270' title='bbox 1166 2171 1249 2214; x_wconf 87' lang='lat' dir='ltr'><strong>quo</strong></span> <span class='ocrx_word' id='word_1_271' title='bbox 1291 2158 1420 2197; x_wconf 87' lang='lat' dir='ltr'><strong>oratio</strong></span> <span class='ocrx_word' id='word_1_272' title='bbox 1457 2156 1592 2210; x_wconf 88' lang='lat' dir='ltr'><strong>Crispi</strong></span> <span class='ocrx_word' id='word_1_273' title='bbox 1631 2154 1815 2194; x_wconf 87' lang='lat' dir='ltr'><strong>Passieni</strong></span> <span class='ocrx_word' id='word_1_274' title='bbox 1854 2154 1897 2193; x_wconf 89' lang='lat' dir='ltr'><strong>in</strong></span> <span class='ocrx_word' id='word_1_275' title='bbox 1929 2167 1999 2194; x_wconf 92' lang='lat' dir='ltr'><strong>ore</strong></span> <span class='ocrx_word' id='word_1_276' title='bbox 2031 2166 2165 2192; x_wconf 90' lang='lat' dir='ltr'><strong>versa-</strong></span> 
     </span>
     <span class='ocr_line' id='line_1_28' title="bbox 252 2223 2166 2287; baseline -0.006 -13"><span class='ocrx_word' id='word_1_277' title='bbox 252 2234 376 2274; x_wconf 89' lang='lat' dir='ltr'><strong>batur</strong></span> <span class='ocrx_word' id='word_1_278' title='bbox 405 2232 633 2272; x_wconf 85' lang='lat' dir='ltr'><strong>hominum.</strong></span> <span class='ocrx_word' id='word_1_279' title='bbox 697 2232 807 2272; x_wconf 89' lang='lat' dir='ltr'><strong>Illud</strong></span> <span class='ocrx_word' id='word_1_280' title='bbox 837 2247 1004 2287; x_wconf 88' lang='lat' dir='ltr'><strong>quoque</strong></span> <span class='ocrx_word' id='word_1_281' title='bbox 1031 2231 1233 2272; x_wconf 85' lang='lat' dir='ltr'><strong>indicasse</strong></span> <span class='ocrx_word' id='word_1_282' title='bbox 1264 2229 1452 2275; x_wconf 85' lang='lat' dir='ltr'><strong>videtur,</strong></span> <span class='ocrx_word' id='word_1_283' title='bbox 1502 2242 1545 2267; x_wconf 93' lang='lat' dir='ltr'><strong>se</strong></span> <span class='ocrx_word' id='word_1_284' title='bbox 1577 2240 1657 2266; x_wconf 91' lang='lat' dir='ltr'><strong>nou</strong></span> <span class='ocrx_word' id='word_1_285' title='bbox 1687 2225 1849 2266; x_wconf 86' lang='lat' dir='ltr'><strong>audisse</strong></span> <span class='ocrx_word' id='word_1_286' title='bbox 1881 2223 2048 2280; x_wconf 89' lang='lat' dir='ltr'><strong>quidem</strong></span> <span class='ocrx_word' id='word_1_287' title='bbox 2075 2238 2166 2264; x_wconf 89' lang='lat' dir='ltr'><strong>ora-</strong></span> 
     </span>
    </p>
   </div>
   <div class='ocr_carea' id='block_1_6' title="bbox 277 2388 2166 2794">
    <p class='ocr_par' dir='ltr' id='par_1_6' title="bbox 278 2388 862 2429">
     <span class='ocr_line' id='line_1_29' title="bbox 278 2388 862 2429; baseline -0.007 -9"><span class='ocrx_word' id='word_1_288' title='bbox 278 2394 330 2429; x_wconf 85' lang='lat'><strong>30)</strong></span> <span class='ocrx_word' id='word_1_289' title='bbox 372 2390 451 2420; x_wconf 85' lang='lat' dir='ltr'><strong>Inst.</strong></span> <span class='ocrx_word' id='word_1_290' title='bbox 473 2393 553 2418; x_wconf 89' lang='lat' dir='ltr'><strong>orat.</strong></span> <span class='ocrx_word' id='word_1_291' title='bbox 578 2390 632 2421; x_wconf 82' lang='lat'><strong>10,</strong></span> <span class='ocrx_word' id='word_1_292' title='bbox 653 2389 690 2423; x_wconf 85' lang='lat'><strong>2,</strong></span> <span class='ocrx_word' id='word_1_293' title='bbox 714 2388 770 2417; x_wconf 84' lang='lat'><strong>125</strong></span> <span class='ocrx_word' id='word_1_294' title='bbox 791 2395 862 2424; x_wconf 82' lang='lat' dir='ltr'><strong>sqq.</strong></span> 
     </span>
    </p>

    <p class='ocr_par' dir='ltr' id='par_1_7' title="bbox 277 2440 809 2481">
     <span class='ocr_line' id='line_1_30' title="bbox 277 2440 809 2481; baseline -0.013 -6"><span class='ocrx_word' id='word_1_295' title='bbox 277 2447 328 2481; x_wconf 89' lang='grc'><strong>31)</strong></span> <span class='ocrx_word' id='word_1_296' title='bbox 369 2440 566 2480; x_wconf 83' lang='lat' dir='ltr'><strong>Bernhardy</strong></span> <span class='ocrx_word' id='word_1_297' title='bbox 590 2440 611 2469; x_wconf 90' lang='lat' dir='ltr'><strong>l.</strong></span> <span class='ocrx_word' id='word_1_298' title='bbox 636 2449 662 2469; x_wconf 92' lang='lat' dir='ltr'><strong>c.</strong></span> <span class='ocrx_word' id='word_1_299' title='bbox 687 2450 717 2479; x_wconf 88' lang='lat' dir='ltr'><strong>p.</strong></span> <span class='ocrx_word' id='word_1_300' title='bbox 741 2440 809 2470; x_wconf 82' lang='grc'><strong>308.</strong></span> 
     </span>
    </p>

    <p class='ocr_par' dir='ltr' id='par_1_8' title="bbox 277 2485 2166 2638">
     <span class='ocr_line' id='line_1_31' title="bbox 277 2485 2166 2531; baseline -0.006 -5"><span class='ocrx_word' id='word_1_301' title='bbox 277 2498 330 2531; x_wconf 76' lang='grc'><strong>32)</strong></span> <span class='ocrx_word' id='word_1_302' title='bbox 370 2495 476 2525; x_wconf 83' lang='lat' dir='ltr'><strong>Miror</strong></span> <span class='ocrx_word' id='word_1_303' title='bbox 499 2493 778 2523; x_wconf 87' lang='lat' dir='ltr'><strong>Westermannum</strong></span> <span class='ocrx_word' id='word_1_304' title='bbox 801 2499 931 2529; x_wconf 90' lang='lat' dir='ltr'><strong>quoque</strong></span> <span class='ocrx_word' id='word_1_305' title='bbox 953 2492 972 2521; x_wconf 90' lang='grc' dir='ltr'><strong>Ι.</strong></span> <span class='ocrx_word' id='word_1_306' title='bbox 986 2501 1011 2521; x_wconf 88' lang='lat' dir='ltr'><strong>c.</strong></span> <span class='ocrx_word' id='word_1_307' title='bbox 1035 2493 1121 2530; x_wconf 62' lang='lat' dir='ltr'>§.8st</span> <span class='ocrx_word' id='word_1_308' title='bbox 1146 2492 1214 2521; x_wconf 85' lang='lat' dir='ltr'><strong>n.2.</strong></span> <span class='ocrx_word' id='word_1_309' title='bbox 1249 2491 1330 2520; x_wconf 84' lang='lat' dir='ltr'><strong>hanc</strong></span> <span class='ocrx_word' id='word_1_310' title='bbox 1352 2497 1528 2529; x_wconf 80' lang='lat' dir='ltr'><strong>temporum</strong></span> <span class='ocrx_word' id='word_1_311' title='bbox 1550 2489 1705 2520; x_wconf 81' lang='lat' dir='ltr'><strong>rationem</strong></span> <span class='ocrx_word' id='word_1_312' title='bbox 1727 2486 1920 2526; x_wconf 82' lang='lat' dir='ltr'><strong>neglexisse.</strong></span> <span class='ocrx_word' id='word_1_313' title='bbox 1972 2485 2053 2516; x_wconf 76' lang='lat' dir='ltr'><strong>Nam</strong></span> <span class='ocrx_word' id='word_1_314' title='bbox 2073 2485 2166 2526; x_wconf 83' lang='lat' dir='ltr'><strong>Spal-</strong></span> 
     </span>
     <span class='ocr_line' id='line_1_32' title="bbox 372 2539 2165 2583; baseline -0.002 -8"><span class='ocrx_word' id='word_1_315' title='bbox 372 2547 516 2583; x_wconf 83' lang='lat' dir='ltr'><strong>dingium</strong></span> <span class='ocrx_word' id='word_1_316' title='bbox 537 2550 664 2576; x_wconf 89' lang='lat' dir='ltr'><strong>secutus</strong></span> <span class='ocrx_word' id='word_1_317' title='bbox 685 2545 821 2581; x_wconf 88' lang='lat' dir='ltr'><strong>iudicat,</strong></span> <span class='ocrx_word' id='word_1_318' title='bbox 852 2543 1012 2574; x_wconf 87' lang='lat' dir='ltr'><strong>hominem</strong></span> <span class='ocrx_word' id='word_1_319' title='bbox 1039 2544 1134 2575; x_wconf 87' lang='lat' dir='ltr'><strong>istum</strong></span> <span class='ocrx_word' id='word_1_320' title='bbox 1155 2543 1349 2575; x_wconf 80' lang='lat' dir='ltr'><strong>Quintiliani</strong></span> <span class='ocrx_word' id='word_1_321' title='bbox 1376 2544 1477 2574; x_wconf 90' lang='lat' dir='ltr'><strong>nostri</strong></span> <span class='ocrx_word' id='word_1_322' title='bbox 1503 2552 1594 2573; x_wconf 86' lang='lat' dir='ltr'><strong>avum</strong></span> <span class='ocrx_word' id='word_1_323' title='bbox 1622 2551 1693 2572; x_wconf 85' lang='lat' dir='ltr'><strong>esse</strong></span> <span class='ocrx_word' id='word_1_324' title='bbox 1722 2550 1784 2571; x_wconf 92' lang='lat' dir='ltr'><strong>non</strong></span> <span class='ocrx_word' id='word_1_325' title='bbox 1813 2548 1927 2579; x_wconf 84' lang='lat' dir='ltr'><strong>posse,</strong></span> <span class='ocrx_word' id='word_1_326' title='bbox 1959 2539 2014 2570; x_wconf 89' lang='lat' dir='ltr'><strong>sed</strong></span> <span class='ocrx_word' id='word_1_327' title='bbox 2044 2546 2165 2579; x_wconf 85' lang='lat' dir='ltr'><strong>patrem</strong></span> 
     </span>
     <span class='ocr_line' id='line_1_33' title="bbox 373 2608 476 2638; baseline 0.029 -10"><span class='ocrx_word' id='word_1_328' title='bbox 373 2608 476 2638; x_wconf 83' lang='lat' dir='ltr'><strong>posse.</strong></span> 
     </span>
    </p>

    <p class='ocr_par' dir='ltr' id='par_1_9' title="bbox 278 2646 2162 2742">
     <span class='ocr_line' id='line_1_34' title="bbox 278 2646 2161 2689; baseline -0.004 -6"><span class='ocrx_word' id='word_1_329' title='bbox 278 2654 330 2689; x_wconf 83' lang='lat'><strong>33)</strong></span> <span class='ocrx_word' id='word_1_330' title='bbox 371 2650 475 2681; x_wconf 82' lang='lat' dir='ltr'><strong>Etiam</strong></span> <span class='ocrx_word' id='word_1_331' title='bbox 497 2651 555 2682; x_wconf 78' lang='lat' dir='ltr'><strong>illa</strong></span> <span class='ocrx_word' id='word_1_332' title='bbox 575 2652 740 2689; x_wconf 81' lang='lat' dir='ltr'><strong>quaestio,</strong></span> <span class='ocrx_word' id='word_1_333' title='bbox 774 2661 847 2681; x_wconf 87' lang='lat' dir='ltr'><strong>num</strong></span> <span class='ocrx_word' id='word_1_334' title='bbox 876 2650 952 2689; x_wconf 88' lang='lat' dir='ltr'><strong>quis</strong></span> <span class='ocrx_word' id='word_1_335' title='bbox 981 2659 1090 2680; x_wconf 86' lang='lat' dir='ltr'><strong>eorum</strong></span> <span class='ocrx_word' id='word_1_336' title='bbox 1119 2657 1233 2681; x_wconf 84' lang='lat' dir='ltr'><strong>auctor</strong></span> <span class='ocrx_word' id='word_1_337' title='bbox 1261 2651 1304 2681; x_wconf 82' lang='lat' dir='ltr'><strong>sit</strong></span> <span class='ocrx_word' id='word_1_338' title='bbox 1325 2651 1605 2686; x_wconf 80' lang='lat' dir='ltr'><strong>declamationum,</strong></span> <span class='ocrx_word' id='word_1_339' title='bbox 1639 2658 1722 2687; x_wconf 84' lang='lat' dir='ltr'><strong>quae</strong></span> <span class='ocrx_word' id='word_1_340' title='bbox 1750 2648 1847 2686; x_wconf 82' lang='lat' dir='ltr'><strong>vulgo</strong></span> <span class='ocrx_word' id='word_1_341' title='bbox 1876 2648 1935 2678; x_wconf 81' lang='lat' dir='ltr'><strong>sub</strong></span> <span class='ocrx_word' id='word_1_342' title='bbox 1963 2647 2091 2677; x_wconf 87' lang='lat' dir='ltr'><strong>nomine</strong></span> <span class='ocrx_word' id='word_1_343' title='bbox 2118 2646 2161 2676; x_wconf 88' lang='grc' dir='ltr'><strong>Μ.</strong></span> 
     </span>
     <span class='ocr_line' id='line_1_35' title="bbox 369 2699 2162 2742; baseline -0.002 -9"><span class='ocrx_word' id='word_1_344' title='bbox 369 2703 664 2735; x_wconf 78' lang='lat' dir='ltr'><strong>FabiiQuintiliani</strong></span> <span class='ocrx_word' id='word_1_345' title='bbox 675 2704 956 2742; x_wconf 82' lang='lat' dir='ltr'><strong>circumferuntur,</strong></span> <span class='ocrx_word' id='word_1_346' title='bbox 979 2703 1034 2734; x_wconf 88' lang='lat' dir='ltr'><strong>vix</strong></span> <span class='ocrx_word' id='word_1_347' title='bbox 1056 2703 1095 2735; x_wconf 77' lang='lat' dir='ltr'><strong>ad</strong></span> <span class='ocrx_word' id='word_1_348' title='bbox 1119 2703 1278 2741; x_wconf 82' lang='lat' dir='ltr'><strong>liquidum</strong></span> <span class='ocrx_word' id='word_1_349' title='bbox 1300 2712 1437 2741; x_wconf 83' lang='lat' dir='ltr'><strong>unquam</strong></span> <span class='ocrx_word' id='word_1_350' title='bbox 1459 2703 1662 2742; x_wconf 76' lang='lat' dir='ltr'><strong>perducetur.</strong></span> <span class='ocrx_word' id='word_1_351' title='bbox 1686 2700 1726 2733; x_wconf 83' lang='lat' dir='ltr'><strong>V.</strong></span> <span class='ocrx_word' id='word_1_352' title='bbox 1741 2701 1914 2733; x_wconf 77' lang='lat' dir='ltr'><strong>western.</strong></span> <span class='ocrx_word' id='word_1_353' title='bbox 1937 2701 1959 2732; x_wconf 87' lang='lat'><strong>1.</strong></span> <span class='ocrx_word' id='word_1_354' title='bbox 1972 2700 2038 2737; x_wconf 62' lang='grc' dir='ltr'><strong>αξ.</strong></span> <span class='ocrx_word' id='word_1_355' title='bbox 2052 2701 2102 2735; x_wconf 75' lang='lat'><strong>8⁰,</strong></span> <span class='ocrx_word' id='word_1_356' title='bbox 2113 2699 2162 2729; x_wconf 78' lang='lat'><strong>28.</strong></span> 
     </span>
    </p>

    <p class='ocr_par' dir='ltr' id='par_1_10' title="bbox 301 2758 756 2794">
     <span class='ocr_line' id='line_1_36' title="bbox 301 2758 756 2794; baseline 0.007 -7"><span class='ocrx_word' id='word_1_357' title='bbox 301 2760 329 2792; x_wconf 79' lang='grc' dir='ltr'><strong>Ι)</strong></span> <span class='ocrx_word' id='word_1_358' title='bbox 371 2758 447 2788; x_wconf 81' lang='lat' dir='ltr'><strong>lust.</strong></span> <span class='ocrx_word' id='word_1_359' title='bbox 468 2765 548 2789; x_wconf 85' lang='lat' dir='ltr'><strong>orat.</strong></span> <span class='ocrx_word' id='word_1_360' title='bbox 573 2762 628 2794; x_wconf 84' lang='lat'><strong>10,</strong></span> <span class='ocrx_word' id='word_1_361' title='bbox 653 2762 685 2790; x_wconf 76' lang='lat'><strong>1.</strong></span> <span class='ocrx_word' id='word_1_362' title='bbox 707 2760 756 2790; x_wconf 68' lang='lat'><strong>24.</strong></span> 
     </span>
    </p>
   </div>
  </div>
 </body>
</html>
