2417 3023
1080 140 1376 185 ...54-

458 259 882 320 Segouiam-,ymno
907 273 1078 318 quoque
1115 260 1234 302 testis
1266 265 1331 301 est
1356 257 1659 316 inmittas-31
1677 263 1786 301 :ante
1811 230 2189 313 zflfiemanni'ffss
2261 259 2268 266 '

268 334 398 374 libans
424 333 479 378 de
508 333 772 374 institutione
792 333 970 373 *oratoria
998 333 1176 387 scriptos
1207 346 1311 372 esse.
1373 332 1480 372 Nam
1505 329 1816 384 Quintilianus,
1852 331 1906 372 uo
1922 334 2078 398 σμῆμα
2102 343 2186 384 res,

268 417 372 461 quae
403 401 491 443 vel
503 409 601 444 aute
625 402 694 444 vel
716 404 828 445 inter
852 402 1116 445 scribendum
1142 402 1222 443 sibi
1253 402 1522 455 accidissent,
1554 405 1775 446 memoriae
1796 403 1995 459 prodidit·
2000 401 2094 454 aue
2115 405 2187 445 tri·

267 481 350 515 stes
383 478 525 525 erant,
568 473 655 514 sive
685 472 838 525 laetae,
883 474 946 514 sic
981 472 1095 513 illius
1124 486 1292 529 quoque
1333 472 1501 515 honoris
1542 475 1710 522 maximi
1744 473 1898 517 oblitus
1934 487 2042 516 nou
2040 475 2186 527 emt,

267 560 395 601 quum
426 544 579 585 librum
609 559 730 583 sunm
756 551 1049 598 componeret,
1089 545 1126 583 si
1156 550 1242 584 tum
1273 551 1442 584 ornatus
1472 558 1521 584 eo
1551 545 1631 585 lam
1661 545 1825 586 fuisset.

457 617 535 656 His
566 616 703 671 igitur
724 617 1010 671 argumentis,
1054 622 1101 656 ut
1130 617 1211 655 iam
1238 614 1340 656 illuc
1369 621 1643 667 revertamur,
1688 616 1799 658 unde
1837 617 1995 672 egressi
2025 625 2205 665 sums

268 694 384 728 extra
414 702 576 767 ovem
604 686 905 727 dubitationem
937 688 1116 741 positum
1148 686 1312 728 videtur
1341 687 1384 727 id
1415 687 1527 742 quod
1554 702 1678 742 supra
1709 685 2018 737 contendimus,
2062 685 2190 726 libros

269 758 320 799 de
359 757 619 798 institutione
663 757 842 798 oratoria
884 755 936 797 ab
974 771 1084 798 anno
1123 754 1186 797 86
1215 757 1267 798 ad
1304 757 1430 799 finem
1466 759 1564 799 anni
1593 756 1655 798 89
1683 758 1856 813 scriptos
1885 771 2001 808 esse,
2041 755 2191 812 hisque

268 829 388 868 annis
419 827 525 867 illud
554 829 680 883 paulo
711 829 807 883 plus
837 842 960 883 quam
992 827 1206 867 biennium
1237 828 1468 878 contineri,
1509 827 1622 883 quod
1650 827 1768 867 libris
1794 828 1881 867 suis
1911 839 2022 866 sene
2034 826 2191 880 impen-

270 898 381 941 disse
423 901 513 955 ipse
544 899 833 954 Quintilianus
872 907 1011 941 narrat
1034 898 1104 955 2ὃ).
1171 898 1400 941 Difficultas
1437 906 1599 950 autem,
1646 914 1752 953 quae
1792 899 1947 940 Valerii
1977 897 2111 939 Flacci
2148 904 2192 938 et

270 969 507 1012 Germanici
538 972 722 1027 Augusti
758 971 1145 1013 commemoratione
1175 971 1322 1011 iniecta
1363 971 1483 1012 nobis
1521 971 1609 1012 visa
1642 977 1705 1013 est
1734 984 1886 1026 supra,
1931 975 2089 1011 tantum
2120 967 2191 1011 ab·

269 1047 356 1091 cSt,
385 1049 432 1080 ut
458 1056 541 1081 non
566 1044 621 1081 sit
650 1042 837 1097 expedita
869 1065 925 1071 -
954 1040 1063 1081 liber
1084 1042 1192 1081 enim
1225 1041 1430 1092 decimus,
1463 1043 1537 1098 qui
1566 1043 1643 1082 ista
1673 1040 1858 1093 exhibet,
1891 1055 1914 1081 e
1937 1042 2093 1082 ratione
2118 1054 2190 1080 no-

269 1121 353 1154 stra
379 1120 451 1153 aut
481 1113 565 1154 fine
591 1116 690 1154 anni
722 1112 807 1165 88,
850 1121 921 1155 aut
950 1129 1060 1155 anno
1091 1112 1152 1154 89
1179 1116 1349 1155 ineunte
1378 1115 1556 1169 scriptus
1583 1120 1669 1164 est,
1702 1114 1840 1168 itaque
1868 1118 1962 1167 post
1991 1111 2191 1161 Domitia-

270 1198 369 1224 num
401 1185 647 1239 cognomine
686 1200 762 1226 suo
798 1192 988 1227 ornatum
1032 1185 1305 1241 Flaccumque
1340 1191 1548 1227 mortuum
1579 1209 1665 1236 —,
1697 1190 1744 1225 ut
1773 1184 2015 1225 sententiam
2043 1187 2193 1239 propo·

269 1256 389 1296 sitam
417 1256 551 1311 magis
582 1257 704 1296 ctiam
741 1270 879 1297 veram
912 1256 1069 1297 reddat.
1142 1256 1290 1312 Nuper
1319 1258 1428 1298 enim
1457 1258 1501 1297 in
1532 1256 1678 1298 Flacco
1706 1257 1881 1297 multum
1907 1254 2191 1297 amissumdi·

271 1327 405 1376 citur,
436 1334 561 1381 atque
589 1329 632 1367 in
664 1328 772 1367 libro
803 1328 966 1367 demum
997 1328 1156 1368 decimo
1186 1330 1263 1367 ista
1295 1333 1546 1378 occurrunt,
1590 1341 1674 1366 uon
1697 1320 1843 1387 antea3
1888 1326 2000 1381 quod
2030 1327 2193 1366 facilius

274 1395 461 1451 profecto
490 1411 572 1437 non
604 1403 741 1452 potest
766 1398 980 1452 explicari,
1015 1413 1138 1454 quam
1169 1399 1204 1439 si
1235 1399 1480 1451 existimes,
1504 1396 1634 1440 libros
1656 1389 1803 1439 novem
1833 1399 1987 1454 primos
2018 1399 2193 1454 scriptos

271 1482 387 1518 esse,
432 1483 563 1522 quum
596 1483 828 1523 cognomen
858 1470 1129 1524 Germanicus
1161 1471 1343 1512 nondum
1376 1472 1420 1510 in
1453 1484 1556 1520 usu,
1600 1468 1768 1510 Flaccus
1793 1483 1891 1509 vero
1919 1468 2055 1510 adhuc
2081 1469 2195 1509 inter

272 1540 388 1579 vivos
409 1546 517 1579 esset
545 1553 718 1594 eamque
743 1540 874 1595 ipsam
906 1539 960 1580 ob
988 1554 1172 1581 caussam
1202 1556 1253 1582 ex
1273 1556 1386 1584 more
1405 1541 1689 1595 Quintilianeo
1718 1540 1876 1582 laudari
1903 1554 1986 1582 non
2008 1538 2190 1583 debet-etz

466 1610 690 1666 Reliquum
722 1618 833 1662 erat,
865 1617 911 1651 ut
938 1610 989 1652 dc
1020 1611 1135 1652 luctu
1164 1627 1300 1655 sermo
1325 1621 1457 1666 esset,
1489 1629 1613 1669 quem
1632 1615 1774 1654 uxoris
1804 1613 2069 1667 filiorumque
2085 1626 2193 1651 mor-

273 1687 335 1722 tes
366 1680 629 1734 Quintiliano
661 1681 849 1723 tulerunt
873 1682 956 1738 2⁷),
1000 1681 1050 1723 de
1081 1683 1316 1736 consulari,
1362 1700 1442 1740 qua
1473 1690 1645 1725 ornatus
1675 1684 1847 1736 dicitur,
1892 1683 2091 1739 dignitate
2116 1682 2190 1738 28),

273 1752 325 1793 de
364 1752 524 1794 divitiis
561 1755 651 1794 eius
691 1754 883 1794 maximis
907 1753 963 1809 29)
995 1754 1249 1810 modicisque
1282 1753 1545 1795 facultatibus
1566 1754 1652 1811 ³⁰),
1696 1755 1746 1796 de
1778 1754 2034 1795 matrimonio
2063 1753 2193 1795 altero

275 1829 318 1865 et
339 1823 426 1864 filia
457 1823 554 1864 inde
579 1822 740 1864 sublata
763 1823 846 1879 3¹)3
879 1825 949 1871 sed
979 1831 1139 1879 tempus
1165 1832 1227 1865 est
1252 1825 1375 1865 finem
1402 1825 1612 1879 imponere
1633 1824 1731 1866 huic
1753 1825 2037 1881 disputationi.
2079 1825 2192 1867 Haec

276 1894 428 1949 igitur,
461 1895 496 1934 si
528 1909 603 1949 per
633 1894 889 1936 occasionem
918 1895 1102 1947 licuerit,
1136 1895 1218 1936 alio
1248 1901 1431 1951 tempore
1460 1895 1741 1938 tractabimus.

302 2053 353 2088 26)
395 2050 503 2082 Quint.
526 2059 578 2089 ep.
601 2050 641 2079 ad
663 2050 792 2090 Tryph.
1253 2054 1306 2086 27)
1349 2052 1426 2082 lnstr
1449 2059 1528 2083 orat.
1550 2054 1587 2090 6,
1611 2062 1752 2092 prooem⁴

303 2105 355 2141 28)
397 2104 516 2134 Auson.
544 2103 633 2134 Grat.
655 2111 717 2136 act.
741 2114 799 2144 pro
820 2105 941 2135 consui.
964 2115 996 2144 p.
1021 2106 1078 2136 712
1100 2105 1149 2135 ed.
1175 2105 1264 2135 ΤοΙΙ.
1308 2106 1350 2135 cs.
1372 2105 1484 2137 Iuven.
1508 2105 1573 2141 Sat.
1598 2107 1627 2142 7,
1651 2107 1720 2136 197.

303 2159 356 2195 29)
399 2158 507 2187 luven-
530 2157 596 2187 Sat.
620 2160 649 2194 7,
673 2159 739 2190 188.
1252 2160 1305 2194 30)
1348 2159 1434 2188 ΡΙίη.
1458 2169 1532 2199 epp.
1557 2161 1593 2196 6,
1614 2161 1663 2190 32.

304 2212 356 2242 31)
399 2209 487 2243 Plin.
512 2210 531 2239 Ι.
555 2221 581 2239 c.
