2417 3023
1055 107 1343 149 „29-

244 235 401 268 tantum
434 240 516 265 non
547 226 591 263 in
623 225 759 278 operis
790 225 994 279 principio
1025 224 1225 275 dicentis,
1266 228 1345 265 iam
1380 227 1537 281 pridem
1569 227 1847 282 praecipiendi
1880 242 2030 266 munus
2061 243 2147 268 sese

167 317 170 319 ·
244 300 504 353 deprecatum
535 312 624 338 esse
648 298 699 353 ¹),
732 303 771 337 et
796 296 877 337 alio
906 296 1022 347 loco,
1061 296 1133 337 diu
1164 312 1253 338 sese
1281 298 1521 338 reluctatum
1555 313 1644 338 esse
1675 298 1970 350 familiaribus,
2002 306 2048 338 ut
2077 298 2149 338 ali-

243 370 341 427 quid
382 370 431 412 de
468 371 626 411 ratione
663 369 823 411 dicendi
863 375 1129 424 componeret
1157 368 1461 423 postulantibus
1483 369 1545 425 ²);
1593 377 1797 425 praeterea
1832 385 1928 412 vero
1959 386 1982 411 e
2012 385 2151 412 rerum

244 441 495 499 quarundam
527 440 911 481 commemoratione
942 438 1054 479 haud
1085 438 1208 491 dubie
1238 439 1428 495 pluribus
1456 441 1575 480 annis
1605 447 1697 496 post
1727 448 1946 496 gestarum.
2009 442 2149 481 Mitta-

244 529 331 554 mus
361 513 527 569 quidem
558 528 664 568 quae
696 512 932 553 Dodwellus
963 512 1013 553 de
1046 513 1253 553 Britannia
1287 510 1509 567 disputavit
1529 513 1567 570 3)
1608 514 1873 563 existimans,
1922 528 2008 553 eam
2039 528 2149 553 anno

239 582 299 625 86
326 599 401 641 per
433 583 665 640 Agricolam
693 583 1079 640 circumnavigatam
1104 596 1210 624 esse.
1283 583 1428 639 Neque
1459 585 1567 625 enim
1599 584 1697 624 satis
1727 583 1843 623 firma
1875 589 1937 623 est
1967 584 2053 624 eius
2085 598 2148 624 ar—

239 656 520 712 gumentatio,
582 669 827 711 quamquam
855 655 997 706 valde,
1031 654 1188 705 fateor,
1223 655 1386 694 interim
1418 656 1556 694 arrisit
1582 655 1681 694 mihi
1713 655 1881 709 opinio,
1915 657 2147 710 quaestioni

239 744 299 768 an
331 728 592 767 Britannia
623 728 791 768 insula
829 731 873 766 in
904 726 1057 767 scholis
1086 725 1198 765 haud
1224 724 1348 764 dubie
1378 739 1499 778 saepe
1530 731 1722 765 tractatae
1749 725 1871 765 verba
1905 741 2013 766 nam
2046 734 2147 766 tum

240 798 579 855 ignorabatur
609 813 695 839 eam
723 799 853 853 ipsam
884 797 937 838 ob
967 811 1148 839 caussam
1176 811 1197 836 a
1225 794 1484 849 Quintiliano
1510 795 1665 836 adiecta
1698 809 1811 847 esse,
1843 796 1954 851 quod
1978 812 2052 838 sua
2079 797 2147 838 de·

239 886 348 910 mum
379 877 509 911 aetate
539 877 580 911 et
609 870 773 925 quidem
806 872 1039 925 nuperrime
1064 884 1110 910 ea
1131 869 1368 908 Britanniae
1388 867 1568 908 conditio
1589 869 1838 908 innotuisset
1858 869 1909 923 ⁴).
1972 870 2147 909 Minoris

239 944 357 984 etiam
385 943 580 983 momenti
610 948 707 983 sunt
735 957 839 998 quae
869 941 977 983 idem
1008 943 1071 982 vir
1102 940 1245 981 doctus
1271 938 1320 979 de
1355 939 1590 980 Domitiano
1615 941 1762 981 iuvene
1793 942 1966 996 imperio
1997 941 2147 982 donato

238 1014 431 1055 disseruit
450 1014 503 1073 ⁵).
565 1014 712 1071 Neque
743 1015 852 1055 enim
884 1012 1014 1054 solum
1046 1011 1219 1053 alienam
1238 1025 1313 1065 pro
1337 1025 1430 1050 vera
1455 1010 1638 1051 codicum
1664 1011 1839 1054 lectione
1867 1014 1933 1053 isti
1963 1014 2053 1054 loco
2074 1012 2146 1054 ob-

240 1088 374 1137 trusit,
408 1086 480 1126 sed
510 1087 564 1126 ita
587 1088 757 1141 insuper
779 1091 1087 1142 argumentatus
1113 1090 1190 1134 est,
1223 1089 1268 1121 ut
1295 1083 1363 1121 vix
1384 1081 1435 1121 ab
1461 1082 1547 1122 ullo
1566 1083 1867 1138 comprobetur.
1914 1085 2026 1125 Haec
2049 1091 2146 1124 sunt

238 1158 360 1199 verba
383 1157 657 1211 Quintiliani:
704 1177 716 1193 ι
733 1157 845 1210 Quid
868 1164 1019 1207 tamen,
1047 1157 1199 1211 inquit,
1232 1154 1297 1193 bis
1321 1156 1421 1208 ipsis
1445 1156 1533 1194 eius
1553 1155 1763 1209 operibus,
1799 1158 1840 1195 in
1867 1171 1972 1211 quae
1995 1156 2145 1197 donato

238 1230 407 1284 imperio
449 1229 611 1269 iuvenis
651 1234 928 1278 successerat,
966 1225 1183 1267 sublimius
1205 1225 1300 1281 ⁶)?‹
1370 1226 1431 1267 De
1475 1228 1646 1281 poeticis
1686 1227 1910 1267 Domitiani
1951 1227 2145 1283 operibus

236 1300 434 1356 loquitur.
500 1299 547 1338 ln
587 1297 653 1338 his
693 1313 767 1353 pro
805 1298 990 1339 donato
1032 1296 1173 1351 legens
1216 1296 1432 1337 donatus
1462 1299 1521 1338 sic
1552 1298 1638 1338 fere
1677 1297 1857 1353 disputat
1888 1298 2140 1339 Dodwellus.

236 1371 518 1425 Quintilianus
541 1368 681 1410 laudat
694 1369 989 1421 Domitianum,
1023 1367 1135 1424 quod
1153 1367 1286 1409 adhuc
1306 1369 1466 1409 iuvenis
1488 1370 1709 1424 imperator
1731 1369 1863 1410 factus
1888 1371 1958 1410 sit.
2003 1371 2143 1427 Atque

234 1443 313 1485 hoc
337 1440 501 1498 quidem
521 1441 665 1481 merito
686 1440 878 1496 secisset3
911 1447 1032 1482 uatus
1054 1445 1117 1481 est
1140 1440 1247 1480 enim
1272 1440 1532 1481 Domitianus
1549 1455 1657 1482 anno
1676 1438 1751 1494 51,
1783 1448 1828 1482 ut
1846 1457 1896 1483 ex
1919 1456 2044 1483 censu
2059 1442 2142 1483 Ro-

233 1531 465 1565 manorum,
498 1514 570 1568 qui
585 1527 738 1552 annum
754 1514 896 1552 aetatis
913 1510 975 1551 55
993 1512 1117 1552 finem
1136 1512 1361 1550 iuventutis
1376 1510 1596 1563 habebant,
1629 1514 1789 1553 iuvenis
1811 1521 1917 1554 esset
1936 1529 2043 1553 anno
2063 1512 2139 1565 81,

234 1602 317 1642 quo
348 1586 400 1626 ad
430 1586 646 1639 imperium
677 1585 874 1635 accessit,
920 1585 1086 1638 triginta
1122 1597 1252 1623 annos
1294 1589 1430 1622 uatus.
1503 1584 1665 1638 Pergit5
1712 1584 1823 1640 quod
1857 1585 2140 1638 Quintilianus

234 1655 392 1707 scribit,
427 1669 552 1710 quum
581 1653 801 1695 donaretur
830 1655 1019 1709 imperio,
1054 1655 1243 1694 invenem
1275 1653 1404 1694 fuisse
1435 1653 1733 1708 Domitianum,
1766 1656 1860 1697 inde
1879 1656 2141 1698 manifestum

233 1734 318 1772 est.
352 1727 463 1766 hunc
496 1741 544 1766 eo
575 1733 784 1780 tempore,
821 1740 903 1780 quo
936 1724 1220 1777 Quintilianus
1247 1726 1434 1779 scripsit,
1469 1726 1656 1766 iuvenem
1685 1741 1773 1767 esse
1803 1728 1973 1768 desisse.
2033 1729 2141 1784 Ergo

233 1805 324 1856 post
348 1813 499 1839 annum
520 1794 603 1847 86,
634 1812 833 1838 annorum
861 1794 1025 1837 illorum
1056 1797 1222 1853 triginta
1254 1797 1437 1854 quinque
1465 1799 1709 1850 terminum,
1739 1799 1881 1855 scripti
1911 1807 2009 1841 sunt
2039 1799 2137 1841 libri

235 1869 523 1924 Quintiliauei.
586 1866 794 1924 Sed-mihi
823 1866 987 1921 quidem
1017 1880 1256 1920 persuasum
1288 1875 1376 1919 est,
1425 1876 1466 1908 et
1492 1884 1627 1909 veram
1661 1884 1750 1910 esse
1781 1870 1965 1912 codicum
1997 1872 2139 1912 lectio-

233 1958 344 1993 nem,
377 1948 419 1982 et
438 1941 563 1995 longe
587 1939 698 1979 aliud
718 1939 821 1995 quid
839 1939 973 1979 dicere
998 1937 1176 1978 voluisse
1189 1937 1508 1991 Quintilianum.
1545 1940 1743 1980 Donato
1772 1942 1880 1981 enim
1915 1943 1925 1980 i
1945 1944 2139 1997 mperio

232 2014 385 2054 dictum
415 2017 477 2051 est
504 2025 578 2064 pro
609 2009 854 2060 condonato,
889 2009 1030 2050 relicto
1052 2008 1106 2066 ⁷),
1139 2016 1179 2049 et
1208 2009 1494 2064 explicandum
1526 2018 1589 2052 est
1615 2027 1666 2052 ex
1697 2011 1918 2063 Suetonio,
1951 2014 2023 2067 qui
2044 2028 2136 2052 nar·

231 2091 316 2134 rat,
364 2081 641 2122 Domitianum
672 2081 715 2119 in
748 2080 900 2121 Senatu
930 2082 1079 2121 iactare
1114 2095 1195 2120 non
1229 2079 1466 2131 dubitasse,
1517 2088 1557 2121 et
1587 2083 1692 2135 patri
1722 2096 1766 2122 se
1798 2088 1838 2122 et
1865 2081 1979 2122 fratri
2011 2083 2137 2138 impe-

231 2157 338 2194 rium
379 2152 554 2192 dedisse.
645 2150 850 2190 Nimirum
891 2151 991 2190 deus
1032 2150 1208 2201 baberi,
1266 2158 1311 2191 ut
1354 2158 1547 2201 constat,
1596 2154 1726 2192 voluit
1757 2153 1809 2207 8).
1884 2153 1962 2192 Cui
2016 2154 2134 2193 iacta-

232 2225 335 2265 tioni
355 2221 638 2274 Quintilianus
669 2236 712 2261 se
742 2221 1075 2273 accommodans,
1120 2223 1309 2261 iuvenem
1341 2222 1396 2261 ait
1428 2222 1705 2262 Domitianum
1734 2229 1774 2262 et
1809 2224 1914 2277 patri
1946 2231 1986 2264 et
2017 2224 2130 2264 fratri

231 2296 447 2351 imperium
480 2293 652 2333 donasse
682 2291 894 2347 literisque
927 2306 1009 2332 non
1040 2294 1129 2333 sine
1158 2299 1307 2333 eventu
1338 2278 1559 2331 studuisse.
1622 2293 1759 2348 Atque
1790 2295 1833 2332 in
1864 2293 1939 2334 hac
1969 2294 2134 2350 quidem

231 2381 275 2408 re
301 2366 422 2407 etiam
453 2378 545 2405 cum
577 2362 658 2403 alio
680 2362 867 2404 Suetonii
897 2363 987 2404 loco
1014 2365 1242 2419 conspirat,
1273 2379 1354 2420 quo
1380 2370 1474 2405 ante
1505 2365 1718 2420 imperium
1747 2366 1929 2420 poeticae
1954 2365 2133 2407 studium

278 2541 308 2576 l)
349 2538 426 2568 lust.
448 2543 528 2567 orat.
549 2538 587 2574 2,
610 2537 663 2574 12,
686 2538 732 2568 12.
1220 2540 1252 2573 2)
1293 2539 1372 2571 Inst.
1395 2546 1474 2570 orat.
1502 2542 1537 2575 1,
1559 2549 1699 2577 prooem.
1726 2543 1749 2570 t⁴

275 2608 307 2643 3)
347 2604 465 2635 Dodw.
487 2604 510 2635 1.
533 2613 560 2634 c.
580 2604 604 2639 δ.
625 2604 673 2634 22.
1215 2607 1246 2641 4)
1290 2605 1365 2636 lust.
1388 2612 1467 2638 orat.
1489 2607 1522 2641 7,
1543 2606 1581 2640 4,
1603 2606 1633 2636 2.

275 2674 307 2708 5)
347 2669 466 2701 Dodw.
488 2670 509 2698 1.
532 2679 559 2699 c.
582 2670 609 2706 §-
632 2670 678 2698 23.
1215 2674 1247 2705 6)
1289 2672 1367 2703 Inst.
1390 2680 1469 2703 orat.
1494 2674 1547 2708 lo,
1571 2674 1598 2709 l,
1620 2674 1666 2702 91.

276 2739 307 2774 7)
347 2736 397 2767 Cf.
421 2735 560 2774 Zumptii
584 2740 647 2764 not.
671 2734 741 2764 crit.
763 2734 802 2764 ad
824 2735 845 2765 Ι.
867 2745 894 2766 c.
1218 2740 1250 2775 8)
1291 2738 1379 2772 Suet.
1402 2749 1427 2770 v.
1454 2739 1545 2771 Dom.
1567 2749 1594 2771 c.
1620 2742 1656 2771 13
