2417 3023
1057 132 1354 172 ,ΞΟ-.-

243 254 337 287 ante
369 263 521 288 annum
552 245 611 286 69
642 248 683 286 in
714 249 909 302 Hispania
943 248 1089 289 fuisse.
1154 249 1289 303 Atque
1319 260 1487 296 omnes,
1539 247 1580 285 ni
1612 245 1757 296 fallor,
1807 248 1884 286 viri
1916 248 2023 289 docti
2055 246 2159 286 banc

243 318 422 372 amplexi
463 324 559 357 sunt
598 319 876 368 sententiam,
917 333 1165 373 quamquam
1203 333 1296 357 vera
1327 332 1501 367 caussa,
1546 333 1621 358 cur
1652 321 1691 357 in
1725 318 1966 371 Hispaniam
2009 317 2156 357 disces-

244 390 370 438 serit,
407 402 487 426 non
518 388 743 428 intellecta.
808 390 959 429 Putant
990 390 1126 440 enim,
1161 375 1356 438 Galbam,
1420 403 1545 443 quum
1578 389 1828 443 provinciam
1856 386 2158 427 administratu-

246 473 315 498 rus
349 473 397 498 eo
429 458 787 512 proficisceretur,
834 463 1023 501 comitem
1062 476 1154 500 eum
1193 460 1399 513 accepisse
1424 460 1473 511 ¹).
1546 459 1675 500 Galba
1717 465 1850 499 autem
1893 458 2028 498 statim
2069 464 2161 512 post

245 537 413 568 mortem
438 529 635 577 Neronis,
669 545 775 568 anno
799 529 860 568 68
885 539 1076 579 exeunte,
1107 533 1278 568 Romam
1307 530 1445 577 rediit,
1482 537 1696 583 postquam
1729 543 1802 581 per
1826 534 1917 567 octo
1939 541 2085 576 anuos,
2119 528 2160 566 id

244 598 354 654 quod
369 598 593 640 Suetonius
612 606 651 640 et
674 599 918 641 Plutarchus
943 607 1145 641 testantur
1165 599 1227 653 2),
1262 598 1321 638 illi
1349 600 1583 653 provinciae
1608 598 1802 653 praefuit.
1865 598 1975 653 Ergo
1995 596 2159 650 Quinti-

243 670 381 709 lianus
405 685 513 709 anno
527 668 581 708 61
616 677 811 721 exeunte,
847 670 1027 710 secundo
1059 677 1151 725 post
1179 676 1349 710 mortem
1380 670 1566 720 Domitii,
1602 683 1727 725 quum
1755 675 1876 707 natus
1901 674 2010 708 esset
2032 680 2163 707 anuos

244 742 393 794 viginti
418 749 516 790 tres,
549 742 590 779 in
622 742 864 794 Hispaniam
898 742 1164 781 discessisset.
1232 743 1288 780 At
1314 756 1408 780 vero
1440 743 1480 779 in
1502 741 1711 793 Hispania,
1746 755 1829 779 non
1855 741 2009 780 Romae
2033 740 2161 780 Galba

244 818 442 866 patronus
474 810 726 863 Quintiliani
760 813 891 853 sactus
920 828 1008 854 esse
1039 813 1230 864 videtur3
1272 810 1381 866 quod
1414 812 1500 864 ipsa
1534 811 1775 865 Hieronymi
1806 809 1928 851 verba
1960 812 2046 851 veri
2073 810 2162 850 red-

243 881 345 920 ‹lunt
376 880 658 933 simillimum,
694 898 816 939 quae,
852 885 929 923 nisi
961 899 1045 923 rem
1078 883 1257 939 aliquam
1291 883 1540 938 inopinatam
1570 882 1819 938 dignamque
1844 882 2036 922 memoria
2067 896 2163 922 con·

245 955 441 1003 tiuerent,
475 956 611 1007 inepta
647 955 731 994 fere
763 962 916 1004 essent,
947 970 1020 994 nec
1053 955 1180 994 ullum
1207 955 1452 1008 praeberent
1480 969 1644 993 sensum
1673 954 1947 993 commodum.
2011 954 2160 992 Contra

245 1030 379 1063 antem
412 1024 648 1077 opinionem
681 1026 862 1064 omnium
898 1040 979 1065 non
1010 1025 1224 1065 accidisset
1256 1024 1413 1065 reditus
1444 1023 1722 1077 Quintiliani,
1770 1024 1851 1063 nisi
1893 1022 2006 1064 solus
2043 1029 2159 1063 antea

245 1095 484 1148 emigrasset
517 1109 738 1149 numquam
768 1096 992 1134 rediturus.
1058 1096 1164 1148 Quis
1196 1098 1303 1136 enim
1331 1098 1569 1146 miraretur,
1603 1096 1638 1134 si
1671 1093 1843 1135 Galbam
1875 1100 1921 1133 ut
1951 1094 2160 1134 disceden-

244 1173 343 1214 tem,
379 1167 437 1205 sic
470 1165 709 1205 redeuntem
741 1182 908 1220 quoque
930 1168 1145 1206 comitatus
1167 1168 1302 1206 esset?
1364 1170 1577 1206 Praeterea
1606 1166 1705 1205 mihi
1730 1166 1896 1220 quidem
1922 1180 2161 1220 persuasum

244 1242 330 1287 est,
376 1235 681 1289 Quintilianum
714 1244 807 1277 ante
840 1243 1011 1278 mortem
1044 1237 1215 1278 Domitii
1244 1239 1414 1279 Romam
1447 1237 1681 1293 reliquisse.
1756 1237 1820 1278 Ne
1845 1236 1970 1278 verbo
1995 1235 2160 1292 quidem

244 1322 331 1346 eam
363 1309 522 1362 tetigit3
570 1308 610 1346 id
647 1315 820 1362 putasne
850 1310 983 1348 virum
1025 1310 1231 1363 potuisse,
1277 1323 1360 1364 quo
1399 1308 1539 1347 nullus
1582 1322 1762 1363 unquam
1793 1307 1874 1346 fuit
1903 1308 2040 1347 animo
2070 1321 2161 1362 gra·

247 1381 349 1419 tiore
392 1380 771 1432 beneficiorumque
814 1381 942 1434 magis
984 1395 1189 1429 memore,
1248 1381 1281 1417 si
1325 1379 1489 1433 quidem
1535 1378 1665 1417 oculis
1707 1379 1792 1415 suis
1834 1392 1922 1416 eam
1963 1376 2161 1427 vidisset3

246 1451 488 1503 praesertim
531 1465 659 1504 quum
703 1449 863 1488 occasio
915 1448 1058 1489 idonea
1110 1449 1350 1504 frequenter
1392 1449 1447 1488 sit
1492 1447 1654 1499 oblata,
1716 1447 1789 1488 illo
1838 1447 2013 1487 maxime
2054 1446 2160 1498 loeo,

245 1535 327 1574 quo
360 1520 411 1559 de
443 1535 601 1558 summa
635 1520 723 1559 eius
751 1526 961 1559 senectute
992 1534 1126 1560 sermo
1157 1519 1247 1559 est?
1319 1519 1462 1574 ltaque
1501 1533 1673 1569 censeo,
1720 1517 2025 1571 Quintilianum
2055 1532 2164 1558 anno

244 1588 304 1627 355)
335 1591 375 1628 in
407 1590 647 1644 Hispaniam
676 1590 928 1643 emigrasse3
972 1598 1089 1629 antea
1122 1592 1230 1629 enim
1263 1590 1352 1629 fieri
1386 1605 1467 1629 non
1494 1591 1655 1643 potuit,
1696 1604 1823 1644 quum
1854 1603 1964 1629 auno
1989 1587 2074 1641 58,
2120 1597 2164 1629 ut

245 1660 449 1712 vidimus,
498 1663 646 1701 actioni
681 1662 917 1701 Cossutiani
950 1662 1181 1701 interesset.
1246 1661 1327 1701 Sed
1358 1676 1432 1702 cur
1462 1661 1624 1701 tandem
1657 1660 1799 1700 urbem
1833 1659 1944 1699 illam
1975 1660 2161 1715 reliquit,

246 1747 324 1787 qua
360 1732 471 1772 nulla
500 1734 729 1788 exoptatior
764 1746 853 1771 esse
880 1738 1037 1786 poterat
1079 1732 1164 1770 viro
1206 1731 1360 1786 gloriae
1400 1730 1581 1785 cupido?
1653 1731 1776 1771 Multi
1816 1736 1998 1771 oratores
2034 1732 2161 1785 prima

246 1804 446 1855 stipendia
485 1806 524 1842 in
566 1805 790 1856 provinciis
834 1801 1068 1850 merebant,
1113 1799 1472 1840 excultademum
1505 1800 1667 1840 dicendi
1701 1801 1892 1841 facultate
1923 1801 2163 1857 viribusque

248 1873 347 1910 satis
387 1872 661 1911 corroboratis
702 1872 841 1911 urbem
880 1873 1046 1911 Romam
1090 1874 1329 1925 repetituri3
1373 1873 1517 1926 quidni
1557 1872 1814 1926 putabimus,
1859 1872 2161 1924 Quintilianum

247 1956 411 1996 quoque
445 1942 555 1981 hunc
588 1957 739 1981 moreni
774 1942 986 1982 tenuisse?
1047 1943 1128 1982 Sed
1161 1942 1237 1982 alia
1271 1944 1389 1982 etiam
1423 1956 1564 1981 caussa
1596 1957 1687 1982 eum
1717 1943 1872 1993 movit3
1916 1941 2072 1983 scilicet
2101 1943 2162 1982 in-

247 2012 479 2068 telligebat,
523 2013 677 2051 Romae
715 2027 757 2051 se
793 2028 875 2052 nou
908 2028 997 2052 esse
1036 2013 1343 2067 profecturum,
1389 2013 1581 2068 quamdiu
1615 2014 1770 2054 Seneca
1802 2019 1842 2053 et
1873 2015 1943 2069 qui
1976 2029 2068 2054 eum
2100 2029 2159 2054 se-

246 2083 479 2138 quebantur
510 2099 666 2122 summa
696 2083 805 2136 apud
835 2085 1061 2137 principem
1095 2092 1130 2123 et
1165 2084 1361 2139 populum
1394 2088 1633 2126 auctoritate
1661 2086 1912 2130 fruerentur.
1979 2084 2161 2124 Pruden—

245 2157 325 2196 tior
348 2157 474 2212 igitur
500 2161 792 2212 praeceptore,
828 2157 898 2210 qni
930 2155 1073 2196 maluit
1103 2156 1328 2207 contemni,
1361 2171 1481 2212 quam
1510 2157 1652 2207 silere,
1686 2156 1930 2198 adversariis
1960 2156 2160 2210 potentio-

246 2227 360 2266 ribus
395 2230 516 2266 cessit
556 2236 625 2277 ct,
673 2241 800 2281 quum
845 2225 978 2264 locum
1012 2227 1090 2265 sibi
1129 2234 1284 2281 peteret
1319 2242 1420 2266 vana
1450 2227 1613 2267 illorum
1646 2229 1917 2268 ostentatione
1950 2227 2085 2268 adhuc
2113 2229 2160 2268 li·

247 2297 388 2337 berum
410 2326 423 2347 ,
460 2300 500 2336 in
533 2299 783 2350 provinciam
813 2299 1004 2351 migravit
1033 2300 1131 2337 satis
1162 2313 1183 2337 a
1218 2298 1347 2336 Roma
1378 2305 1598 2348 remotam,
1635 2300 1898 2352 Hispaniam,
1942 2300 1983 2337 in
2018 2298 2159 2338 urbem

247 2366 417 2410 fortasse
446 2367 720 2423 Calagurrim.
786 2370 923 2424 Atque
952 2368 1056 2410 hanc
1084 2368 1251 2425 quidem
1283 2382 1379 2423 prae
1408 2370 1554 2409 ceteris
1583 2369 1733 2425 elegit,
1767 2371 1863 2426 quia
1893 2372 2023 2426 patria
2054 2379 2161 2412 esset

249 2438 421 2493 ideoque
460 2440 659 2477 honorum
691 2438 1048 2492 adipiscendorum
1084 2438 1307 2480 faciliorem
1340 2437 1419 2476 sibi
1450 2439 1628 2492 aperiret
1658 2440 1775 2480 viam.
1865 2441 1961 2494 Quo
1992 2456 2160 2482 munere

248 2509 303 2548 ibi
338 2511 505 2549 functus
536 2511 614 2558 sit,
662 2525 734 2562 per
763 2526 805 2549 so
835 2518 1019 2565 apertum
1052 2519 1139 2562 est3
1177 2523 1252 2549 nec
1283 2523 1380 2547 saue
1411 2516 1521 2559 erat,
1565 2524 1639 2548 cur
1668 2511 1904 2550 Dodwellus
1935 2511 1965 2550 l.
1996 2526 2032 2552 c.
2066 2512 2108 2569 §-
2131 2510 2162 2550 9
2230 2509 2232 2512 ’

249 2579 386 2620 multis
430 2579 565 2621 verbis
609 2579 887 2623 demonstrare
929 2590 1172 2632 conaretur,
1239 2597 1330 2621 eum
1380 2597 1458 2622 non
1500 2582 1695 2622 militasse
1737 2583 1779 2622 in
1812 2583 2027 2638 Hispania.
2105 2584 2160 2623 Ut

292 2739 319 2768 Ι)
361 2737 402 2766 V.
426 2738 543 2766 Dodw.
567 2739 576 2766 Ι
604 2747 629 2767 c.
653 2738 675 2774 §.
688 2740 714 2767 9.
1203 2743 1233 2776 2)
1274 2740 1358 2771 Suet.
1382 2741 1484 2771 Galba
1506 2751 1524 2770 c
1553 2743 1579 2771 9.
1625 2740 1713 2771 Plan.
1737 2740 1840 2771 Galba
1863 2743 1930 2771 cni.
