2417 3023
1063 137 1351 180 -15-

252 261 377 300 animi
406 259 487 298 mei
521 257 754 298 coniectura
785 254 978 310 colligere
1014 268 1208 308 possum,
1265 252 1559 294 contenderim.
1580 272 1593 289 ι
1643 254 1696 295 Et
1724 254 1804 295 alio
1832 254 1922 295 loco
1944 253 1978 310 ⁷)
2009 254 2059 294 de
2083 256 2152 304 iis,

253 331 325 385 qui
354 328 553 370 elementa
579 326 793 373 tradebant
821 328 921 368 artis
950 325 1205 377 rhetoricae,
1250 322 1477 365 »Solebant
1501 331 1784 379 praeceptores
1813 327 1895 367 mei
1927 339 2062 381 neque
2092 325 2155 364 in·

252 398 345 439 utili
375 405 415 440 et
441 398 560 441 nobis
580 400 701 440 etiam
723 398 904 440 iucundo
930 411 1081 452 genere
1108 395 1411 435 exercitationis
1436 407 1677 447 praeparare
1707 409 1781 435 nos
1809 393 2155 437 coniecturalibus

252 471 430 522 caussis,
481 487 609 527 quum
639 482 837 526 quaerere
868 473 991 523 atque
1024 466 1174 522 exequi
1201 466 1419 517 iuberent,
1469 479 1563 506 cur
1603 472 1792 506 armata
1830 467 1963 521 apud
1999 467 2154 507 Lace·

251 540 551 583 daemonios
578 541 776 588 venus,
820 544 861 579 et
896 536 1020 594 quid
1054 538 1122 578 ita
1150 535 1453 578 crederetur
1479 535 1676 591 Cupido
1707 549 1831 591 puer
1858 549 1912 577 ac
1943 538 2155 578 volucer

251 620 298 653 et
326 613 535 668 sagittis
565 625 619 651 ac
649 610 759 650 face
787 615 1033 661 armatus,
1066 616 1106 649 et
1131 608 1305 659 similia;
1337 609 1382 647 in
1404 608 1555 663 quibus
1576 607 1862 649 scrutabamur
1884 610 2150 659 voluntatem,

249 686 366 725 cuius
393 685 437 723 in
467 683 757 723 controversiis
788 683 984 735 frequens
1014 681 1200 734 quaestio
1226 683 1302 718 est.
1322 697 1335 714 ι

437 752 526 794 Nec
549 767 646 794 vero
672 758 889 793 contentus
916 751 997 790 fuit
1023 764 1104 790 una
1133 749 1209 790 hac
1239 750 1326 790 sive
1358 750 1627 804 provinciali,
1669 750 1754 790 sive
1781 750 2002 791 domestica
2032 749 2154 790 disci·

248 823 386 878 plina,
436 823 507 864 sed
546 830 591 864 ut
628 822 738 878 apud
775 824 948 862 maiores
983 808 1144 862 iuvenis
1182 819 1277 871 ille,
1329 820 1402 875 qui
1436 819 1527 860 foro
1557 826 1598 860 et
1627 819 1883 875 eloquentiae
1912 820 2151 875 parabatur,

194 920 197 924 -
248 893 431 933 imbutus
458 895 539 933 iam
568 893 788 932 domestica
818 892 1061 946 disciplina,
1094 892 1272 932 refertus
1302 891 1488 931 honestis
1514 892 1660 932 studiis
1687 891 1965 932 deducebatur
1990 906 2012 930 a
2039 898 2153 945 patre

249 962 314 1004 vel
335 978 357 1004 a
388 963 633 1018 propinquis
663 961 715 1003 ad
743 977 836 1004 eum
858 969 1085 1015 oratorem,
1119 963 1192 1018 qui
1222 962 1448 1018 principem
1478 963 1612 1006 locum
1644 964 1687 1003 in
1719 963 1884 1004 civitate
1913 961 2148 1003 obtinebat:

248 1034 359 1076 hunc
389 1035 560 1087 sectari,
594 1034 703 1076 hunc
732 1036 951 1091 prosequi,
988 1034 1113 1075 huius
1143 1033 1335 1075 omuibus
1362 1033 1612 1075 dictionibus
1642 1035 1868 1085 interesse,
1901 1035 1988 1075 sive
2016 1035 2058 1073 in
2089 1035 2153 1073 iu-

249 1105 394 1157 diciis,
426 1107 513 1146 sive
538 1107 581 1145 in
605 1107 872 1147 concionibus
898 1107 1186 1158 adsuescebat3
1219 1112 1260 1145 et
1285 1119 1533 1160 quamquam
1560 1120 1687 1144 unum
1715 1112 1984 1160 sequeretur,
2017 1113 2150 1145 tamen

249 1192 389 1218 omnes
415 1176 596 1218 eiusdem
624 1179 767 1217 aetatis
793 1184 987 1233 patronos
1014 1179 1056 1217 in
1083 1177 1272 1232 plurimis
1299 1183 1339 1217 et
1361 1178 1515 1217 caussis
1541 1183 1581 1216 et
1609 1175 1772 1215 iudiciis
1799 1175 2071 1232 cognoscebat
2091 1177 2148 1231 8):

248 1250 304 1288 ita
334 1249 643 1300 Quintilianus,
683 1263 809 1302 quum
844 1248 954 1288 domi
985 1265 1007 1288 a
1036 1255 1151 1302 patre
1176 1250 1403 1303 ceterisque
1430 1246 1764 1302 praeceptoribus
1789 1247 1902 1301 leges
1932 1249 2032 1287 artis
2062 1263 2151 1288 ora-

236 1319 375 1360 toriae
406 1318 655 1374 percepisset
685 1316 891 1374 simulque
924 1316 1289 1359 declamationibus
1327 1332 1416 1359 sese
1447 1317 1725 1368 exercuisset,
1774 1323 1815 1357 et
1842 1317 1886 1356 in
1917 1316 2008 1358 foro
2037 1324 2079 1358 et
2108 1318 2151 1357 in

247 1389 413 1431 circulis
453 1388 811 1429 celeberrimorum
853 1396 951 1429 tunc
994 1390 1176 1429 virorum
1217 1390 1421 1429 orationes
1440 1396 1503 1429 ·et
1539 1389 1836 1443 disputationes
1865 1390 2046 1440 audivit,
2106 1397 2153 1429 ut

246 1460 430 1515 exempla
454 1474 594 1500 eorum
619 1466 691 1500 aut
713 1466 978 1515 sequeretur,
1009 1466 1081 1500 aut
1107 1460 1285 1515 fugeret,
1316 1462 1352 1500 si
1379 1461 1452 1515 qui
1481 1459 1533 1500 ab
1564 1460 1790 1501 honestatis
1820 1476 2023 1516 veraeque
2051 1462 2151 1501 artis

245 1530 382 1572 studio
424 1529 679 1571 deficiebant.
759 1530 808 1570 In
839 1545 1009 1572 numero
1034 1545 1175 1572 eorum
1203 1530 1384 1573 habendi
1414 1538 1512 1572 sunt
1541 1533 1714 1573 maxime
1745 1532 1891 1572 lunius
1921 1532 2071 1572 Bassus
2093 1532 2147 1590 9),

245 1602 296 1640 L.
328 1602 527 1641 Annaeus
557 1601 736 1652 Seneca,
771 1600 903 1642 Iulius
927 1602 1169 1652 Africanus,
1202 1604 1373 1657 Crispus
1389 1602 1563 1653 Vibius,
1595 1603 1655 1642 M.
1684 1602 1878 1643 Galeolus
1903 1602 2146 1654 Trachalus,

245 1669 376 1711 lulius
406 1669 621 1711 Secundus
645 1670 728 1726 l⁰),
774 1670 976 1711 Servilius
1004 1670 1221 1712 Nonianus
1243 1671 1324 1728 Π),
1373 1686 1496 1726 quem
1527 1670 1599 1711 diu
1639 1671 1754 1722 foro,
1809 1685 1903 1712 mox
1941 1672 2151 1714 tradendis

242 1741 365 1783 rebus
394 1742 592 1794 Romanis
629 1741 829 1782 celebrem
871 1742 1040 1783 Tacitus
1082 1741 1208 1781 refert
1233 1741 1316 1798 12),
1361 1756 1457 1796 prae
1489 1742 1636 1782 ceteris
1671 1748 1805 1782 autem
1839 1743 2044 1783 Domitius
2080 1744 2149 1784 ille

242 1812 370 1863 Afer,
426 1814 546 1853 cuius
589 1815 670 1855 iam
714 1828 835 1868 saepe
877 1814 1029 1854 mentio
1067 1819 1130 1854 est
1170 1812 1291 1854 facta.
1386 1813 1509 1853 Hunc
1552 1813 1661 1853 enim
1701 1826 1783 1852 non
1821 1813 1982 1853 iuvenis
2027 1813 2147 1854 modo

241 1883 394 1934 coluit,
437 1882 509 1923 sed
542 1897 615 1937 per
645 1889 768 1923 totam
804 1884 928 1923 vitam
966 1882 1069 1923 adeo
1098 1882 1322 1922 admiratus
1352 1890 1441 1933 est,
1490 1890 1536 1923 ut
1564 1885 1608 1922 in
1640 1890 1823 1924 veterum
1853 1900 2024 1926 numero
2055 1901 2148 1927 eum

241 1955 373 1995 locare
404 1968 487 1994 non
524 1953 728 1995 dubitaret
747 1955 830 2008 1³),
879 1954 985 1995 dicta
1015 1959 1150 1993 autem
1176 1954 1266 1993 eius
1292 1954 1439 1994 ceteris
1470 1954 1548 1993 iam
1580 1953 1732 1994 derisui
1764 1955 1862 1996 facti
1903 1971 1986 1997 non
2022 1960 2144 2009 mala,

241 2024 313 2065 sed
343 2026 500 2065 minora
531 2031 688 2065 tantum
720 2025 919 2066 iudicaret
946 2026 1095 2079 pietate
1128 2024 1274 2065 ductus
1295 2024 1368 2077 14).
1435 2025 1494 2064 Ex
1527 2023 1743 2075 omnibus,
1776 2026 1849 2080 qui
1879 2025 1929 2066 de
1959 2041 2008 2067 eo
2038 2029 2147 2081 apud

209 2094 543 2148 ‘Quintilianum
586 2103 714 2148 sunt,
762 2097 864 2138 locis
902 2096 1162 2137 manifestum
1201 2103 1292 2147 est,
1344 2097 1550 2137 neminem
1589 2096 1713 2136 alium
1750 2097 1845 2152 plus
1883 2098 2057 2140 valuisse
2096 2100 2147 2140 ad

241 2167 363 2206 huius
393 2159 631 2208 facultatem·
657 2166 820 2209 dicendi
852 2167 1129 2209 excolendam.
1202 2166 1465 2223 Quapropter
1502 2168 1680 2208 alienum
1716 2179 1806 2208 es'se
1834 2182 1856 2208 a
1883 2176 2023 2210 nostro
2053 2185 2145 2226 pro—

239 2240 373 2293 posito
403 2253 486 2277 non
517 2240 700 2290 videtur,
742 2242 777 2279 si
810 2242 928 2295 quasi
959 2254 1033 2293 per
1064 2252 1280 2290 excursum
1312 2239 1483 2277 Domitii
1516 2240 1639 2277 vitam
1671 2237 1916 2293 dicendique
1947 2243 2143 2280 rationem

241 2325 362 2364 quam
393 2308 635 2351 brevissime
664 2310 753 2351 fieri
784 2319 918 2366 potest
947 2310 1152 2365 explicare
1182 2324 1392 2350 conamur.

279 2446 310 2479 ⁷)
350 2444 427 2474 lust.
448 2448 526 2473 orat.
547 2444 583 2479 2,
604 2445 641 2481 4,
662 2444 711 2475 26.

278 2497 310 2534 8)
350 2495 445 2527 Auct.
466 2495 545 2526 dial.
567 2494 609 2526 de
630 2499 723 2525 oratt.
746 2504 771 2525 c.
792 2497 842 2528 34.
884 2496 924 2527 cf.
947 2495 1053 2527 Quint.
1076 2497 1132 2533 10,
1152 2496 1189 2534 5,
1212 2496 1258 2527 19.

277 2549 310 2585 9)
350 2547 429 2578 Inst.
453 2554 536 2579 orat.
558 2550 593 2585 6,
614 2550 651 2585 3,
672 2548 719 2578 27.
1219 2549 1269 2582 10)
1310 2547 1386 2577 lust.
1409 2553 1490 2579 orat.
1515 2549 1567 2585 12,
1591 2550 1648 2584 10,
1672 2550 1718 2578 11.

259 2602 310 2636 11)
349 2599 427 2630 lust.
447 2605 527 2630 orat.
554 2603 609 2637 lo,
633 2603 669 2639 1,
692 2600 758 2631 102.
1496 2603 1498 2605 ’

261 2654 310 2689 12)
350 2652 426 2683 Tac.
449 2660 520 2681 ann.
544 2654 599 2690 14,
622 2654 670 2684 19.
712 2652 905 2683 Dodwellus
926 2654 1009 2685 falso
1031 2655 1114 2685 hunc
1134 2662 1261 2692 quoque
1281 2660 1520 2693 praeceptorem
1532 2654 1723 2685 Quintiliani
1745 2655 1887 2695 appellat
1908 2655 2000 2693 (§.9).
2043 2656 2143 2688 Quin-

348 2703 478 2734 tilianus
500 2711 575 2732 vero
594 2704 678 2733 nihil
700 2704 798 2742 dicit,
827 2705 888 2734 nisi
909 2715 979 2735 eum
1000 2715 1019 2735 a
1038 2715 1073 2735 se
1093 2715 1163 2736 esse
1183 2705 1334 2736 auditum.

262 2759 310 2793 13)
351 2756 429 2788 lust.
454 2762 531 2787 orat.
556 2758 609 2794 10,
633 2760 668 2793 1,
693 2760 758 2789 118.
1208 2762 1259 2797 14)
1300 2760 1378 2791 lust.
1399 2768 1478 2792 orat.
1501 2762 1557 2798 12,
1578 2763 1632 2798 11,
1653 2764 1681 2793 3.
