2417 3023
1087 81 1369 124 ...50-

260 200 477 247 simulasse
509 200 768 241 Domitianus
800 204 989 239 narratur
1008 199 1060 253 9).
1138 199 1351 240 Mittamus
1384 201 1552 256 inquam
1585 199 1686 241 haee
1724 211 1966 255 argumenta
2003 203 2054 245 ad
2086 219 2175 259 per-

262 272 516 312 suadendum
556 272 693 311 minus
730 268 1056 321 accommodata,
1108 270 1221 310 aliud
1261 270 1459 312 habemus
1511 272 1566 312 ita
1608 277 1916 326 comparatum,
1981 282 2027 317 ut
2075 275 2178 316 nihil

263 342 530 381 dubitationis
561 341 784 396 relinquat.
849 340 898 380 lu
929 342 1050 380 tertio
1082 342 1191 381 enim
1222 344 1358 397 operis
1390 344 1456 383 sui
1482 341 1588 383 libro
1620 342 1904 395 Quintilianus
1930 348 2176 388 mentionem

264 414 360 454 fecit
389 415 626 454 certaminis
662 415 704 454 in
743 413 942 454 honorem
977 414 1086 454 lovis
1119 414 1342 469 Capitolini
1374 422 1468 469 post
1498 416 1828 471 quinquennium
1855 415 2048 471 quodque
2074 418 2176 459 eele-

263 484 390 536 bran,
426 484 803 540 quod.institutum
837 498 858 524 a
891 485 1127 525 Domitiano
1158 486 1335 539 primum
1363 485 1613 527 celebratum
1646 502 1733 528 esse
1764 502 1871 528 anno
1900 485 1961 527 86
1991 501 2043 528 ex
2073 487 2177 529 Cen-

262 558 402 595 sorino
433 558 585 596 scimus
608 557 675 610 ¹⁰).
754 556 904 595 Nonne
936 555 1199 594 manifestum
1232 556 1327 596 iude
1356 564 1418 596 est
1448 558 1601 597 librum
1632 560 1797 598 tertium
1826 566 1868 599 et
1896 560 1991 599 item
2024 564 2180 599 ceteros

262 635 331 667 aut
363 629 454 682 ipso
484 643 592 667 anno
622 626 682 667 86
708 634 779 667 aut
808 633 947 681 postea
980 628 1154 680 scriptos
1183 628 1303 668 esse?
1364 632 1497 683 Atque
1530 636 1655 683 puto,
1702 629 1815 684 quod
1844 630 1894 671 de
1923 629 2054 670 insula
2088 629 2179 668 Bri-

262 699 400 737 tannia
433 698 590 751 opinati
622 712 790 747 sumus,
836 697 942 737 idem
976 697 1072 737 huic
1115 699 1174 737 rei
1207 700 1358 739 rectius
1389 698 1591 739 adhiberi.
1654 699 1843 754 Namque
1874 714 2000 755 quum
2033 700 2180 739 multas

262 769 363 808 alias
394 768 588 807 laudandi
621 770 857 808 occasiones
889 770 930 807 in
958 767 1187 821 exemplum
1229 771 1427 823 potuisset
1454 770 1625 821 afferre,
1672 770 1775 811 illud
1808 771 2031 812 Domitiani
2065 772 2179 811 insti-

263 848 395 880 tutum
422 847 462 881 et
491 839 662 880 honoris
688 856 829 881 caussa
863 848 903 880 et
933 847 1097 896 propter
1127 840 1347 880 novitatem
1376 839 1532 881 maluit.

456 914 626 953 Ceterae
659 928 753 963 res,
801 926 905 967 quae
936 912 1045 966 apud
1078 912 1379 964 Quintilianum
1412 918 1712 962 memorantur,
1763 912 1828 952 vel
1858 914 2178 963 recentissimae,

263 999 404 1024 omnes
435 990 529 1024 ante
562 984 677 1023 illum
711 985 928 1024 terminum
959 983 1211 1023 acciderunt.
1278 985 1334 1022 At
1357 984 1399 1022 in
1431 983 1596 1023 Valerio
1623 983 1769 1024 Flacco
1797 992 1941 1039 poeta,
1975 987 2046 1041 qui
2070 999 2177 1026 anuo

262 1055 323 1095 88
355 1065 541 1096 mortuus
571 1072 661 1096 esse
694 1057 874 1096 creditur
891 1056 969 1107 Π),
999 1070 1132 1109 nuper
1164 1055 1336 1093 multum
1365 1056 1558 1094 amissum
1593 1070 1682 1095 esse
1713 1055 1998 1108 Quintilianus
2029 1060 2085 1098 ait
2105 1058 2176 1112 12).

264 1129 316 1168 Et
349 1128 470 1182 paulo
504 1134 595 1181 post
627 1128 908 1167 Domitianum
946 1127 1125 1180 appellat
1163 1126 1452 1166 Germanicum
1486 1127 1721 1180 Augustum
1752 1127 1833 1179 ι3),
1880 1127 1991 1181 quod
2033 1142 2179 1168 nomen

265 1202 361 1240 item
396 1214 506 1239 anno
534 1196 595 1237 88
626 1198 807 1238 solemne
836 1200 978 1238 evasit.
1027 1198 1306 1252 Hieronymus
1331 1197 1439 1236 enim
1459 1195 1508 1235 ad
1526 1194 1766 1247 Ol.216‚5
1797 1195 1875 1253 (88
1892 1196 2051 1254 p.Ch.)
2081 1197 2178 1248 duo,

264 1269 423 1323 inquit,
459 1281 618 1307 menses
648 1266 766 1306 aliter
796 1266 1013 1320 appellati,
1047 1266 1289 1320 September
1321 1266 1591 1307 Germanicus
1622 1274 1662 1308 et
1693 1266 1874 1307 October
1901 1267 2178 1319 Domitianus,

268 1338 492 1378 Suetonius
518 1343 654 1377 autem
686 1336 726 1376 id
753 1337 904 1378 sactum
929 1343 1067 1377 narrat
1091 1337 1233 1378 eodem
1259 1337 1345 1378 sere
1371 1343 1570 1393 tempore,
1606 1352 1689 1394 quo
1709 1344 1802 1393 post
1821 1338 1925 1392 duos
1951 1339 2181 1395 triumphos

269 1410 528 1448 Domitianus
555 1408 792 1448 Germanici
823 1423 1050 1461 cognomen
1082 1411 1323 1449 assumserit
1344 1409 1415 1465 14).
1493 1408 1575 1448 Sed
1603 1411 1700 1448 haee
1733 1409 1870 1449 facilia
1903 1416 2000 1449 sunt
2025 1410 2077 1449 ad
2109 1425 2176 1450 ex-

266 1479 530 1535 pediendum.
599 1480 651 1519 Ut
679 1480 787 1519 enim
820 1486 913 1534 post
942 1495 1095 1520 annum
1119 1479 1201 1531 86‚
1245 1481 1304 1520 sie
1335 1487 1428 1520 aute
1459 1479 1583 1520 finem
1615 1481 1712 1520 anni
1741 1478 1802 1521 89
1832 1487 1988 1522 eertum
2018 1481 2180 1522 videtur

264 1550 516 1604 Quintiliani
548 1550 677 1590 libros
708 1551 882 1605 scriptos
910 1565 1014 1591 esse.
1078 1552 1218 1606 Atque
1248 1558 1328 1591 tres
1356 1551 1442 1591 fere
1468 1550 1600 1591 habeo
1621 1551 1745 1592 huius
1767 1554 1974 1607 opinionis
1996 1568 2174 1593 caussas.

265 1625 417 1662 Earum
450 1624 580 1676 prima
612 1629 699 1671 est,
739 1636 860 1675 quam
894 1637 1016 1676 supra
1047 1624 1188 1676 paucis
1219 1624 1299 1661 iam
1329 1623 1473 1676 attigi,
1515 1622 1850 1677 philosophorum
1877 1638 1953 1677 per
1981 1625 2179 1663 Domitia-

266 1692 364 1733 num
392 1693 580 1746 expulsio
612 1693 747 1745 prior,
782 1691 834 1731 ab
848 1692 1102 1746 Hieronymo
1134 1692 1185 1731 ad
1216 1707 1369 1731 annum
1388 1690 1448 1730 89
1479 1698 1614 1731 notata
1644 1691 1715 1746 ¹5).
1780 1691 1982 1732 Dodwelli
2013 1691 2178 1746 quidem

265 1767 661 1820 argumentationem
680 1792 692 1814 ,
721 1766 788 1803 eui
819 1772 912 1804 ante
945 1764 1048 1803 illud
1079 1763 1257 1803 edictum
1291 1762 1575 1814 Quintilianus
1601 1768 1767 1816 putatur
1796 1776 1899 1815 opus
1929 1776 2048 1801 suum
2080 1776 2176 1802 con·

268 1836 438 1884 fecisse,
486 1835 597 1889 quod
639 1841 865 1873 assentator
894 1834 1118 1876 Domitiani
1160 1841 1239 1871 tam
1273 1832 1465 1886 proclivis
1505 1831 1804 1885 philosophiam
1833 1839 1873 1871 et
1904 1834 2014 1886 ipsos
2044 1832 2177 1886 philo-

265 1905 443 1961 sophos,
478 1905 683 1945 Socratem
718 1904 941 1958 imprimis,
975 1909 1067 1958 post
1099 1917 1178 1944 uon
1213 1903 1360 1944 fuisset
1385 1902 1645 1952 laudaturus,
1678 1900 1783 1944 bene
1812 1903 1889 1942 iam
1912 1901 2177 1960 Spaldiugius

265 1977 457 2016 refutavit
500 1976 640 2015 dicens
665 1976 748 2030 Ι6),
812 1976 1092 2014 Domitianum
1134 1975 1313 2014 voluisse
1356 1974 1485 2013 videri
1528 1972 1794 2027 philosophos
1834 1980 2026 2028 tanquam
2066 1976 2176 2014 viros

264 2047 392 2087 malos
424 2046 707 2101 proscribere,
741 2061 822 2086 non
857 2048 983 2100 ipsam
1016 2045 1319 2099 philosophiam
1351 2044 1502 2084 odisse.
1567 2043 1669 2083 lude
1700 2049 1833 2083 autem
1864 2044 2095 2100 colligam,
2128 2045 2176 2085 li·

264 2118 361 2159 bros
392 2118 641 2170 Quintiliani
673 2124 764 2172 post
795 2117 1077 2172 expulsionem
1106 2118 1223 2157 istam
1260 2117 1434 2170 scriptos
1474 2130 1587 2166 esse,
1638 2116 1681 2155 in
1725 2131 1874 2171 magno
1912 2115 2023 2156 haud
2054 2115 2177 2157 dubie

266 2198 451 2230 versatur
482 2204 635 2229 errore.
700 2190 802 2228 Cum
837 2188 952 2227 falsis
982 2190 1089 2227 enim
1123 2187 1379 2242 quorundam
1418 2186 1646 2227 rationibus
1677 2202 1741 2227 res
1780 2189 1892 2241 ipsae
1933 2186 2058 2227 falsae
2094 2201 2177 2226 non

264 2260 460 2310 evadunt,
493 2266 533 2299 et
557 2261 794 2315 priusquam
824 2240 1065 2299 conti-ariani
1099 2259 1287 2315 sequaris
1319 2259 1552 2313 opinionem
1573 2272 1740 2299 necesse
1763 2264 1826 2298 est
1848 2256 2007 2308 videas,
2039 2270 2177 2297 annon

266 2331 508 2373 melioribus
545 2333 796 2385 argumentis
835 2331 959 2376 altera
1002 2333 1131 2385 possit
1169 2330 1352 2371 defendi.
1434 2331 1557 2383 Quod
1596 2346 1678 2370 non
1718 2329 1891 2380 dubito,
1944 2331 2044 2384 quin
2088 2328 2176 2369 fieri

312 2505 343 2538 9)
383 2502 468 2532 Suet.
492 2502 512 2530 l.
527 2510 553 2529 c.
577 2509 644 2538 cap.
658 2501 685 2530 2.

296 2559 342 2593 10)
382 2556 459 2585 lnst.
484 2561 563 2584 orat.
586 2556 621 2585 3.
645 2556 673 2590 7,
698 2557 723 2584 4.
766 2555 806 2583 cf.
832 2556 866 2591 2,
889 2556 926 2587 Β,
952 2557 976 2584 7.
1021 2555 1108 2585 Suet.
1134 2553 1225 2583 Dom.
1250 2555 1276 2583 ⁴.
1319 2553 1411 2582 Ceus.
1434 2561 1504 2591 cap.
1520 2555 1564 2583 17.

298 2611 342 2641 11)
383 2607 508 2638 Fabric.
530 2607 608 2637 bibl.
632 2607 684 2636 lat.
710 2608 747 2645 2,
769 2609 836 2638 250.
1246 2608 1294 2643 12)
1337 2606 1413 2635 lust.
1437 2612 1514 2637 orat.
1538 2608 1591 2643 10,
1616 2608 1650 2641 1,
1672 2607 1719 2636 90.

294 2665 342 2697 13)
385 2662 449 2691 Ιηει
484 2668 564 2692 orat.
589 2663 643 2698 10,
667 2663 698 2694 l,
720 2663 767 2690 91.
1245 2661 1292 2697 14)
1334 2659 1419 2690 Suet.
1443 2659 1534 2689 Dom.
1560 2669 1586 2689 c.
1613 2660 1657 2689 13.

299 2714 345 2741 15x
387 2711 487 2741 altera
510 2711 547 2739 ad
571 2720 685 2740 annum
706 2713 745 2743 96
767 2718 872 2740 notata
893 2718 949 2740 est.
1239 2714 1287 2748 16)
1328 2712 1439 2753 Spald.
1463 2712 1501 2742 ad
1527 2712 1597 2742 inst.
1617 2716 1695 2740 orat.
1720 2711 1753 2745 t,
1778 2717 1918 2747 prooem.
1937 2708 1981 2736 16.
