2417 3023
1073 138 1246 179 --16
1311 165 1357 169 -

711 294 791 331 De
823 295 1040 332 Domitii
1071 298 1205 338 vita,
1242 298 1451 339 studiis.
1490 300 1737 337 moribus.

456 394 688 443 Nemauso,
730 393 832 434 urbe
863 394 1047 447 Galliae,
1089 395 1289 436 oriundus
1314 397 1348 452 ι)
1374 397 1591 438 admodum
1624 400 1785 439 iuvenis
1810 400 1980 439 Romam
2015 402 2174 442 videtur

266 469 488 522 migrasse,
543 472 589 506 ut
612 464 690 507 hac
727 467 770 506 in
810 464 911 507 urbe
942 452 1111 508 munere
1155 468 1327 508 oratoris
1367 467 1626 524 fungeretur.
1700 470 1886 522 Recens,
1934 477 1978 511 ut
2007 471 2173 515 Tacitus

262 545 400 579 narrat
420 538 484 594 2),
519 545 709 594 praetura
736 537 931 578 Claudiae
958 537 1159 577 Pulchrae
1189 545 1400 579 accusatae
1424 541 1577 580 crimen
1609 541 1912 596 impudicitiae,
1944 541 2174 585 adulterum

263 611 495 660 Furnium,
549 609 791 649 veneficium
836 610 879 647 in
920 609 1152 662 Principem
1194 616 1233 648 et
1270 609 1509 650 devotiones
1555 611 1800 652 obiectabat.
1874 612 1990 664 Quae
2032 628 2174 654 caussa

262 680 441 722 Lentulo
470 677 706 730 Gaetulico,
753 678 802 718 C.
840 677 1019 719 Calvisio
1051 678 1169 719 Coss.
1202 677 1327 734 (anno
1357 678 1419 720 26
1446 697 1486 736 p.
1518 680 1616 737 Ch.)
1645 687 1732 722 acta
1764 683 1899 722 statim
1930 682 2036 724 Afro
2065 664 2175 725 haud

261 767 425 808 parvam
457 751 707 805 comparavit
734 748 1029 790 celebritatem.
1094 750 1269 790 Pulchra
1303 753 1412 791 enim
1444 760 1484 792 et
1510 753 1689 792 Furnius
1716 752 1895 793 damnati
1926 761 2040 806 sunt,
2074 756 2177 796 Afer

261 831 396 864 autem
430 821 917 878 primoribusforatorum
951 821 1141 871 additus,
1189 822 1399 878 divulgato
1436 825 1605 879 ingenio
1639 832 1679 864 et
1709 832 1845 865 secuta
1875 829 2175 868 asseveratione

261 897 472 946 Caesaris,
522 909 603 949 qua
645 909 718 934 suo
750 894 839 932 iure
867 892 1061 932 disertum
1094 908 1186 933 eum
1219 893 1456 948 appellavit.
1534 897 1656 936 Anno
1695 897 1936 952 insequente
1966 899 2084 951 pari,
2133 905 2176 939 ut

261 967 441 1018 videtur,
470 966 680 1015 felicitate,
718 962 863 1016 Publio
887 962 1100 1004 Dolabella
1124 964 1252 1015 socio,
1284 964 1438 1004 Varum
1463 964 1736 1017 Quinctilium
1759 968 1978 1022 corripuit,
2009 968 2175 1009 Caesari

260 1040 554 1095 propinquum,
589 1035 785 1077 Claudiae
810 1035 1011 1076 Pulchrae
1037 1036 1169 1075 filium
1192 1037 1244 1089 3).
1299 1035 1458 1075 Deinde
1479 1043 1517 1076 et
1544 1037 1805 1090 capessendis
1827 1039 2173 1089 accusationibus,

259 1118 299 1151 et
332 1125 420 1150 reos
448 1109 619 1150 tutando
649 1122 843 1164 prospera
878 1122 969 1147 eum
996 1107 1123 1148 fuisse
1155 1108 1260 1148 fama
1289 1122 1380 1147 cum
1405 1107 1548 1147 Tacito
1575 1114 1747 1148 testatur
1773 1108 2075 1161 Quintilianus,
2103 1111 2174 1165 qui

259 1184 459 1231 omnium,
494 1196 598 1236 quos
623 1195 870 1236 cognoscere
901 1179 980 1218 sibi
1004 1180 1260 1234 contigisset,
1292 1186 1498 1218 oratorum
1534 1194 1737 1218 summum
1775 1194 1867 1219 eum
1901 1180 2096 1220 iudicavit
2118 1181 2171 1237 ⁴).

260 1253 470 1294 Summam
503 1268 599 1293 vcro
630 1252 802 1308 gloriam
834 1250 1007 1306 adeptus
1048 1257 1111 1291 est
1141 1251 1246 1292 circa
1277 1266 1431 1290 annum
1463 1248 1548 1301 45,
1591 1266 1674 1305 quo
1712 1265 1821 1291 anno
1854 1258 2054 1292 oratorem
2094 1250 2175 1292 cla-

262 1340 350 1364 rum
382 1323 566 1363 habitum
609 1338 701 1363 eum
741 1337 829 1363 esse
866 1323 1144 1378 Hieronymus
1179 1321 1209 1361 l.
1245 1336 1283 1362 c.
1324 1322 1520 1376 scriptum
1558 1321 1742 1376 reliquit.
1819 1323 1975 1362 Auctor
2011 1336 2176 1379 quoque

262 1395 413 1449 dialogi
445 1394 495 1433 de
531 1393 763 1434 oratoribus
795 1393 993 1448 dignitate
1029 1409 1123 1432 eum
1162 1395 1267 1433 vitae
1294 1399 1334 1433 et
1358 1393 1630 1446 perpetuitate
1657 1392 1789 1432 samae
1820 1407 1939 1432 usum
1973 1408 2061 1433 esse
2087 1409 2176 1433 nar-

261 1474 350 1517 rat,
385 1480 527 1520 parum
560 1479 654 1505 eum
682 1465 899 1507 recessisse
925 1479 946 1504 a
976 1464 1174 1505 Cicerone
1201 1470 1273 1505 aut
1303 1465 1448 1505 Asinio
1479 1471 1593 1505 ratus
1614 1463 1677 1521 ⁵);
1724 1470 1765 1504 et
1793 1479 1837 1505 re
1868 1479 1961 1505 vera
1994 1470 2176 1506 veterum

259 1545 466 1579 oratorum
501 1552 584 1577 non
617 1551 692 1590 par
727 1534 923 1591 quidem,
969 1535 1042 1576 sed
1081 1535 1266 1577 aemulus
1309 1543 1444 1577 tamen
1480 1536 1608 1577 fuisse
1648 1535 1823 1576 videtur.
1886 1535 1981 1589 Quo
2015 1536 2168 1578 factum

260 1616 343 1660 est,
372 1622 549 1658 censeo,
598 1614 642 1646 ut
672 1605 852 1661 dignitas
884 1607 972 1645 eius
1002 1612 1095 1659 post
1121 1605 1302 1648 Senecae
1330 1615 1510 1648 veterum
1542 1608 1805 1647 contemtoris
1832 1607 2006 1647 reditum
2034 1609 2078 1647 in
2110 1623 2175 1648 ur-

259 1682 350 1721 bem
383 1680 612 1720 studiorum
646 1694 727 1718 non
756 1679 916 1727 miuus,
951 1692 1072 1731 quam
1104 1679 1327 1719 senectutis
1359 1678 1478 1733 culpa
1506 1678 1623 1719 valde
1654 1679 1982 1719 imminueretur.

451 1749 738 1791 Characterem
775 1748 865 1788 cius
902 1762 924 1787 e
956 1745 1205 1799 Quintiliani
1245 1749 1505 1802 potissimum
1546 1749 1804 1789 institutione
1847 1749 2050 1789 novimus.
2127 1750 2176 1789 ln

261 1825 497 1863 universum
528 1822 566 1860 ei
599 1819 745 1859 tribuit
775 1819 1048 1857 maturitatem
1071 1818 1124 1872 6).
1191 1818 1452 1872 Ingeniosam
1481 1832 1603 1871 porro
1631 1819 1721 1857 eius
1745 1817 2014 1857 urbanitatem
2038 1818 2177 1859 laudat

261 1903 301 1935 et
330 1901 489 1936 acutam
522 1894 564 1932 in
595 1888 882 1945 respondendo
905 1889 964 1943 ⁷),
996 1896 1036 1929 et
1068 1895 1277 1928 venustam
1309 1889 1353 1928 in
1388 1890 1481 1928 lusu
1513 1887 1730 1928 verborum
1752 1887 1806 1945 8).
1879 1888 2062 1930 Eandem
2095 1890 2175 1930 iro-

260 1966 349 2004 niae
380 1977 546 2019 quoque
577 1960 733 2001 salibus
763 1959 930 2000 condire
962 1959 1116 1999 sciebat
1137 1960 1198 2014 9),
1245 1973 1319 1999 nec
1345 1960 1481 1998 minus
1506 1960 1565 1998 uti
1591 1974 1741 2014 genere
1772 1959 1845 1999 illo
1876 1959 2174 2015 decipiendi

257 2037 576 2091 opinionem,
617 2041 689 2075 aut
719 2033 825 2074 dicta
855 2033 974 2075 aliter
1005 2028 1294 2088 intelligendi,
1337 2045 1442 2085 quac
1474 2036 1571 2070 sunt
1604 2030 1646 2069 in
1678 2031 1789 2071 omni
1821 2029 1897 2072 hac
1928 2032 2035 2072 risus
2065 2047 2173 2073 com-

258 2107 446 2148 movendi
473 2107 640 2147 materia
660 2106 723 2146 vel
748 2105 1035 2146 venustissima
1060 2104 1131 2160 1θ).
1197 2101 1510 2143 Simulationem
1536 2118 1701 2159 quoque
1726 2111 1765 2144 et
1788 2103 2170 2154 dissimulationem,

257 2181 364 2220 circa
396 2194 498 2234 quas
529 2177 732 2233 plurimus
763 2184 823 2218 est
852 2178 984 2228 risus,
1017 2176 1121 2217 bene
1153 2172 1375 2215 adhibebat
1405 2174 1446 2213 in
1478 2174 1565 2214 suis
1596 2173 1850 2215 orationibus
1876 2174 1943 2227 ΙΙ).
2010 2173 2056 2212 ln
2082 2189 2171 2213 nar·

305 2342 335 2375 Ι)
378 2336 511 2366 Hieron.
532 2337 564 2365 in
584 2337 719 2366 Eusebii
741 2337 853 2366 chron.
876 2336 928 2366 01.
952 2337 1028 2371 205,
1052 2336 1081 2365 4.

302 2394 333 2428 2)
374 2390 453 2420 Tac.
474 2397 546 2418 ann.
570 2390 606 2426 4,
626 2390 674 2418 52.
1253 2388 1286 2422 3)
1328 2385 1403 2415 Tac.
1426 2394 1497 2414 ann.
1519 2386 1555 2421 4,
1577 2386 1625 2415 66.

302 2447 334 2482 4)
374 2444 453 2474 Tac.
476 2451 548 2472 ann.
570 2443 607 2476 4,
628 2443 678 2473 5¹2.
727 2442 836 2473 Quint.
861 2442 916 2476 12,
939 2444 993 2479 ll,
1017 2443 1044 2473 3.
1095 2441 1285 2471 Orationum
1307 2449 1387 2478 quas
1411 2439 1520 2470 habuit
1544 2445 1670 2478 praeter
1692 2444 1876 2468 memoratas
1899 2437 2083 2468 nominatim
2108 2444 2170 2468 tres

374 2496 454 2527 mihi
477 2495 701 2532 innotuerunt,
734 2505 794 2535 pro
816 2495 987 2525 Domitilla
1009 2495 1120 2526 Quint.
1142 2497 1179 2532 8,
1201 2497 1238 2532 5,
1263 2496 1308 2525 16.
1351 2496 1388 2530 9,
1410 2495 1446 2530 2,
1468 2495 1515 2523 2⁰.
1560 2496 1594 2529 3,
1616 2495 1662 2525 66.
1704 2495 1741 2530 4,
1762 2495 1811 2524 31.
1845 2501 1905 2531 pro
1927 2491 2038 2521 Laelia
2059 2492 2167 2523 Quint.

375 2552 410 2586 9,
432 2550 471 2586 4,
492 2550 541 2580 31.
586 2556 646 2587 pro
667 2548 818 2578 Taurinis
838 2548 964 2578 Charis.
989 2557 1019 2587 p.
1035 2550 1099 2579 118.

305 2606 336 2640 5)
378 2605 471 2633 Λυσι.
496 2602 574 2632 dial.
597 2611 626 2632 c.
641 2604 749 2633 13.15.
791 2602 840 2634 Cf.
865 2602 973 2634 Quint.
999 2604 1050 2639 10,
1074 2604 1111 2638 l,
1137 2603 1201 2632 118.

304 2658 335 2693 6)
377 2656 453 2686 lust.
473 2659 556 2686 orat.
579 2655 634 2691 12,
658 2655 711 2688 10,
734 2656 779 2685 11.
1252 2655 1283 2689 7)
1326 2652 1402 2682 Inst.
1426 2658 1503 2682 orat.
1525 2653 1562 2688 6,
1582 2652 1619 2685 3,
1640 2650 1690 2680 32.

306 2711 338 2744 8)
380 2709 460 2739 lnst.
480 2714 561 2740 orat.
582 2710 620 2745 6,
641 2710 678 2744 3,
701 2709 747 2737 54.
1254 2708 1285 2740 9)
1325 2705 1404 2736 inst.
1426 2711 1506 2735 orat.
1527 2707 1564 2742 6,
1586 2707 1624 2741 3,
1644 2704 1693 2735 68.

292 2765 339 2797 10)
381 2762 457 2792 Inst.
482 2769 559 2791 orat.
583 2763 618 2797 6,
640 2762 676 2796 3,
697 2761 744 2791 St.
1237 2760 1286 2795 lt)
1329 2758 1404 2790 Inst.
1426 2765 1504 2789 orat.
1527 2760 1565 2794 6,
1588 2759 1622 2791 3,
1645 2757 1693 2787 81.
1716 2757 1764 2786 85.
1788 2756 1833 2785 92.
