2417 3023
1056 173 1315 214 ³8..

221 289 442 331 admodum
471 292 576 330 inter
606 289 878 345 Pomponium
902 289 955 342 ιι)
986 304 1032 331 ac
1059 290 1256 332 Senecam
1289 289 1409 329 etiam
1441 287 1766 344 praefationibus
1791 303 1880 331 esse
1908 298 2134 341 tractatum,

221 376 275 401 an
307 361 505 416 gradus
537 359 779 400 eliminat
807 362 849 399 in
876 361 1087 416 tragoedia
1119 361 1200 401 dici
1231 360 1498 415 oportuisset.
1518 380 1531 396 ι
1591 360 1687 413 Quo
1709 361 1800 403 loco
1819 362 1959 405 nullus
1975 365 2134 417 dubito,

222 434 322 488 quin
357 432 406 471 L.
442 430 598 472 Seneca
632 430 927 487 intelligendus
959 433 1037 485 sit,
1072 448 1178 484 non,
1214 437 1259 473 ut
1289 432 1506 487 Zumptius
1537 433 1580 472 in
1612 432 1747 474 indice
1775 439 1890 488 putat
1912 435 1990 491 ¹²),
2030 438 2137 478 Mar·

222 518 294 545 cus
324 502 489 554 rhetor,
526 503 600 558 qui
630 508 818 542 mortuus
849 510 912 544 est
941 511 1011 543 aut
1043 503 1214 544 Tiberio
1246 509 1468 558 regnante,
1498 510 1569 544 aut
1599 503 1696 544 huic
1725 505 1761 544 si
1793 512 2001 560 superstes
2028 523 2139 548 man·

221 576 301 623 sit,
350 582 444 615 ante
487 582 621 615 tamen
665 591 786 630 quam
824 574 1109 628 Quintilianus
1150 584 1286 631 togam
1325 574 1569 629 sumpsisset
1611 575 1788 617 virilem.
1861 578 1998 634 Atque
2040 578 2140 621 adeo

172 690 176 695 ,
222 644 463 700 ubieunque
489 644 644 686 Seneca
684 659 833 686 nomen
871 645 983 701 apud
1019 645 1323 699 Quintilianum
1359 646 1562 696 occurrit,
1605 645 1656 685 de
1688 646 1831 687 eodem
1861 649 2002 703 utique
2029 651 2140 705 cogi·

222 715 394 757 tandum
425 729 595 768 censeo,
628 714 834 772 alioquin,
869 716 911 755 id
942 716 1055 772 quod
1086 718 1128 756 in
1160 716 1428 771 Hermagoris
1461 715 1610 755 factum
1643 722 1705 755 est
1728 717 1810 771 ¹³),
1845 717 1974 758 lector
2003 718 2139 759 admo—

222 789 335 827 nitus
362 795 485 836 esset,
520 802 571 826 ne
596 787 780 827 diversos
803 787 1092 828 confunderet.
1158 787 1253 840 Quo
1284 786 1461 836 accedit,
1497 792 1542 826 ut
1568 785 1722 827 Seneca
1752 793 1867 841 pater
1896 790 1982 830 suis
2012 790 2141 845 ipsius

224 856 592 898 declamationibus
623 856 734 897 haud
766 857 819 898 ita
853 871 1027 913 magnus
1060 858 1109 898 de
1142 856 1435 899 conservandis
1467 856 1585 898 modo
1625 857 1795 898 aliorum
1828 861 2049 912 meruerit,
2095 875 2139 901 ea

223 937 356 970 autem
403 930 704 979 controversia,
763 927 813 968 de
855 944 934 984 qua
981 928 1265 982 Quintilianus
1296 927 1353 980 9,
1386 927 1443 980 2,
1478 927 1541 967 42
1583 937 1901 981 commemorat,
1961 932 2140 974 Senecae

223 1001 353 1055 ipsius
377 1015 466 1040 esse
486 999 672 1039 videatur
696 999 933 1056 iudicioque
957 999 1089 1055 palam
1112 999 1161 1040 de
1186 1015 1234 1041 eo
1256 999 1362 1040 sacto
1385 1014 1554 1055 prorsus
1579 1001 1825 1056 respondeat
1839 1002 1910 1059 ι4).
1974 1003 2139 1044 Dictum

221 1086 319 1111 vero
351 1070 455 1110 illud
487 1071 536 1110 de
564 1070 833 1110 iureiurando
866 1070 985 1125 (ibid.
1017 1071 1058 1127 §-
1089 1069 1190 1126 98),
1235 1085 1318 1110 non
1346 1071 1482 1110 minus
1508 1069 1756 1126 philosopho
1787 1073 1982 1129 dignum,
2017 1089 2140 1129 quam

221 1142 409 1192 rhetore,
468 1143 563 1196 quis
602 1139 763 1180 dubitet
800 1142 901 1196 quin
944 1141 1064 1182 Lucii
1101 1142 1179 1193 sit,
1231 1156 1352 1197 quem
1391 1147 1551 1181 constat
1583 1155 1745 1182 omnem
1786 1142 1873 1184 fere
1911 1144 2139 1186 studiorum

222 1213 431 1254 materiam
474 1219 670 1254 tractasse
693 1211 783 1266 ¹5)?
854 1212 961 1267 Quis
1004 1212 1182 1269 denique
1223 1211 1367 1252 Medea
1412 1211 1621 1268 tragoedia
1651 1212 1740 1268 ¹⁶)?
1812 1210 1991 1253 Tantum
2029 1217 2139 1256 enim

221 1284 337 1325 abest
366 1292 412 1325 ut
449 1300 541 1325 cum
582 1287 681 1325 viris
719 1285 851 1325 doctis
893 1286 1102 1342 plerisque
1146 1285 1340 1326 omnibus
1362 1284 1418 1341 ¹⁷)
1463 1286 1591 1326 Lucio
1631 1280 1809 1325 Senecae
1849 1292 1976 1326 artem
2015 1289 2138 1343 tragi-

222 1371 309 1396 cam
340 1357 561 1412 derogem,
608 1366 653 1397 ut
687 1359 731 1397 in
763 1373 808 1397 ea
841 1374 1008 1413 quoque
1039 1359 1138 1398 satis
1170 1365 1376 1398 versatum
1410 1373 1503 1398 eum
1532 1372 1619 1398 esse
1645 1356 1846 1409 arbitrer,
1891 1356 2140 1411 Quintiliani

222 1429 500 1482 potisssimum
534 1430 649 1470 nisus
678 1430 935 1480 testimonio,
987 1429 1191 1469 narrantis
1221 1443 1313 1469 eum
1348 1442 1429 1469 non
1458 1427 1590 1469 solum
1623 1426 1852 1483 disputasse
1883 1427 1933 1467 de
1960 1428 2138 1470 dictione

220 1498 552 1553 tragoediarum,
601 1499 673 1539 sed
704 1506 866 1553 praeter
896 1501 1127 1548 orationes,
1174 1498 1392 1552 epistolas,
1439 1497 1652 1553 dialogos,
1700 1499 1978 1551 composuisse
2019 1501 2138 1539 etiam

219 1576 405 1622 poemata
428 1570 510 1623 18);
560 1584 667 1624 quae
698 1570 865 1625 quidem
894 1586 977 1611 non
1019 1570 1235 1626 intelligo,
1274 1584 1348 1609 cur
1376 1568 1491 1609 aliud
1521 1568 1715 1624 quodque
1747 1569 1972 1609 carminum
2004 1583 2136 1624 genus

219 1653 316 1691 prae
346 1639 569 1693 tragoediis
601 1639 746 1680 malint
773 1641 1021 1695 significare.
1096 1639 1383 1693 Quintilianus
1413 1654 1541 1694 quum
1571 1654 1647 1694 per
1677 1645 1804 1680 totum
1836 1654 1954 1680 suum
1985 1637 2138 1681 librum

220 1708 346 1747 unius
380 1708 526 1759 Lucii,
573 1715 617 1748 ut
643 1710 799 1762 opinati
831 1723 998 1759 sumus,
1041 1710 1238 1749 rationem
1270 1708 1489 1757 habuerit,
1536 1710 1578 1747 in
1609 1708 1747 1763 aliqua
1786 1710 1875 1748 eius
1906 1715 2021 1762 parte
2050 1709 2137 1749 Me-

221 1778 338 1819 deam
371 1780 553 1820 Senecae
579 1780 793 1820 cuiusdam
821 1780 990 1832 laudat3
1036 1786 1152 1820 estne
1183 1778 1428 1828 verisimile,
1474 1777 1553 1819 hoc
1584 1792 1666 1818 uno
1696 1777 1787 1818 loco
1814 1777 1865 1818 de
1897 1778 2026 1819 Lucio
2056 1793 2138 1819 non

222 1866 311 1891 esse
352 1851 651 1906 cogitandum?
719 1852 805 1893 lam
836 1867 933 1893 vero
966 1852 1013 1892 L.
1048 1850 1119 1892 ille
1150 1850 1306 1892 Seneca
1352 1865 1481 1906 usque
1521 1848 1572 1890 ad
1614 1863 1766 1889 annum
1796 1846 1860 1888 50
1902 1848 2020 1890 exsul
2058 1849 2138 1892 fuit

222 1921 378 1971 Roma,
424 1936 507 1977 quo
536 1936 669 1973 anno,
705 1922 754 1963 C.
789 1906 1015 1977 Pompeio,
1067 1921 1121 1974 Q.
1160 1921 1371 1961 Verannio
1403 1922 1548 1971 Coss.,
1576 1919 1628 1960 ab
1665 1921 1892 1975 Agrippina
1923 1931 2137 1962 revocatus

222 1999 297 2041 est,
333 1999 377 2031 ut
401 2000 638 2047 praeceptor
657 1993 837 2032 Neronis
861 1999 969 2032 esset
987 1992 1059 2041 l9).
1123 1993 1292 2046 Itaque,
1325 2008 1451 2046 quum
1484 1998 1577 2031 ante
1606 1991 1774 2031 exilium
1803 2006 1923 2032 suum
1962 2000 2136 2034 octenne

224 2065 376 2103 Seneca
408 2062 726 2117 disputationem
758 2064 877 2103 istam
910 2077 1002 2102 cum
1036 2063 1262 2115 Pomponio
1294 2077 1376 2103 non
1403 2061 1618 2112 habuerit,
1647 2085 1702 2091 ——
1748 2060 1932 2117 alioquin
1962 2077 2006 2104 se
2037 2078 2135 2118 pue·

253 2209 300 2242 ΙΙ)
341 2206 401 2234 Hic
423 2212 470 2235 est
493 2204 696 2243 Pomponius
718 2204 776 2233 ille
799 2204 985 2241 Secundus,
1017 2211 1111 2243 poeta
1139 2205 1300 2243 tragicus,
1332 2204 1422 2234 cuius
1451 2205 1546 2235 vitam
1566 2205 1697 2244 scripsit
1716 2205 1845 2235 Plinius
1866 2205 1985 2241 maior,
2018 2206 2073 2243 qui
2096 2208 2136 2237 ab

344 2258 402 2288 illo
422 2258 629 2296 singulariter
649 2264 771 2289 amatus
798 2258 860 2289 hoc
887 2258 1059 2289 memoriae
1084 2258 1177 2289 amici
1205 2258 1297 2297 quasi
1326 2256 1467 2289 debitum
1494 2265 1606 2288 munus
1634 2257 1784 2289 exsolvit.
1838 2257 1880 2289 V.
1901 2257 1987 2290 Plin.
2010 2267 2082 2299 epp.
2105 2260 2136 2298 3,

342 2313 377 2346 5,
398 2313 427 2342 3.
471 2311 669 2348 Dignitatem
691 2313 763 2342 eius
790 2312 875 2342 vitae
897 2318 928 2342 et
949 2312 1196 2351 perpetuitatem
1218 2313 1319 2342 famae
1340 2312 1506 2351 praedicat
1525 2312 1648 2341 Auctor
1669 2311 1794 2348 dialogi
1814 2310 1856 2341 de
1876 2317 1968 2342 oratt.
1992 2322 2062 2352 cap.
2089 2315 2136 2346 13.

341 2363 473 2394 Tacitus
500 2364 596 2395 multa
627 2375 698 2396 eum
729 2374 853 2396 morum
885 2365 1044 2403 elegantia
1077 2364 1262 2403 illustrique
1293 2364 1391 2394 fuisse
1420 2363 1551 2402 ingenio
1581 2368 1699 2393 narrat.
1741 2362 1824 2392 Ann-
1846 2363 1882 2400 5,
1905 2364 1932 2393 8.
1964 2364 2004 2393 cf.
2027 2366 2065 2402 6,
2089 2367 2133 2397 18.

339 2416 433 2448 Quod
455 2416 610 2448 iudicium
631 2427 649 2448 a
669 2419 797 2450 senibus
818 2418 986 2459 probatum
1009 2417 1230 2449 Quintilianus
1252 2417 1371 2454 refert;
1401 2416 1457 2454 qui
1482 2425 1593 2455 parum
1620 2415 1750 2453 quidem
1773 2415 1927 2454 tragicum
1948 2426 2018 2447 eum
2041 2425 2132 2456 puta.

342 2477 474 2507 verunt,
497 2470 678 2500 eruditione
699 2478 801 2502 autem
822 2480 860 2501 ac
882 2471 987 2501 nitore
1010 2477 1234 2510 praestantem.
1278 2470 1383 2506 Atque
1403 2468 1473 2507 ipse
1501 2468 1654 2505 AEorum,
1676 2468 1739 2504 ait,
1761 2477 1841 2506 quos
1864 2468 2013 2506 viderim,
2036 2469 2133 2509 longe

341 2523 494 2561 princeps
515 2522 605 2552 fuit«
649 2522 725 2554 lust.
747 2530 827 2555 orat.
854 2525 908 2561 10,
931 2525 968 2560 l,
989 2525 1037 2555 98.
1081 2524 1121 2555 cs.
1145 2522 1265 2554 Bernlt.
1291 2522 1311 2552 l.
1334 2531 1359 2551 c.
1391 2531 1421 2560 p.
1445 2521 1510 2551 182.

253 2578 302 2611 12)
344 2576 450 2605 Alium
473 2577 593 2613 locum,
616 2579 649 2614 9,
670 2578 705 2614 2,
726 2579 765 2608 93
787 2586 849 2607 non
872 2577 943 2607 sine
964 2577 1095 2608 levitate
1115 2577 1252 2615 quadam
1274 2575 1401 2612 utrique
1429 2580 1460 2604 et
1480 2574 1679 2614 philosopho
1700 2580 1732 2603 et
1753 2572 1877 2603 rhetori
1900 2573 2054 2606 attribuit.

251 2631 300 2665 13)
343 2630 421 2659 lust.
445 2636 527 2660 orat.
549 2631 588 2667 3,
611 2631 642 2667 5,
664 2631 713 2660 14.
1202 2632 1252 2667 14)
1294 2630 1374 2660 lnst.
1397 2635 1475 2659 orat.
1499 2630 1553 2662 lo,
1575 2629 1610 2665 1,
1637 2627 1692 2657 125
1713 2634 1784 2664 sqq.

252 2684 300 2717 15)
343 2681 421 2713 Inst.
442 2689 524 2713 orat.
549 2685 605 2720 10,
630 2684 667 2720 1,
691 2684 757 2715 129.
1205 2684 1254 2720 16)
1295 2682 1371 2712 lnst.
1394 2690 1471 2713 orat.
1493 2683 1533 2719 9,
1556 2683 1593 2719 2,
1615 2683 1644 2711 8.

255 2736 303 2769 17)
346 2734 388 2765 V.
409 2735 528 2765 Bernh.
551 2736 562 2765 l
595 2745 624 2767 c.
646 2746 677 2775 p.
696 2738 761 2768 153.
1200 2737 1249 2771 18)
1291 2734 1368 2765 Inst.
1391 2741 1472 2766 orat.
1497 2736 1551 2771 10,
1574 2736 1606 2767 Ι,
1631 2733 1695 2763 129.

254 2790 301 2822 19)
343 2788 420 2819 Tac.
444 2799 515 2820 ann.
541 2791 596 2826 12,
619 2791 648 2821 8.
