2417 3023
1059 97 1346 138 -25-

254 228 373 262 cutus
398 225 461 259 est
489 219 609 259 unice
639 231 806 267 veram,
854 224 898 256 ut
929 215 1036 269 apud
1067 230 1158 254 eum
1185 215 1361 268 primum
1398 213 1582 253 valerent
1615 228 1685 264 ea,
1733 228 1839 268 quae
1878 213 2012 252 valere
2047 212 2156 267 apud

254 293 460 334 auditores
490 290 640 342 vellet,
686 290 1023 344 afficereturque,
1051 293 1268 342 antequam
1294 284 1454 326 afficere
1484 291 1700 326 conaretur
1726 284 1813 341 ¹⁴)?
1857 282 1968 340 quod
2001 290 2156 324 tantum

254 363 417 415 abfuit,
461 370 506 403 nt
542 362 749 418 plerisque
787 359 932 399 similis
969 365 1102 407 esset,
1147 358 1218 412 qui
1254 356 1511 410 eloquentiae
1538 356 1685 395 famam
1711 356 1946 395 affectantes
1975 355 2157 394 contenti

254 440 369 475 erant
397 434 498 475 locis
536 434 732 487 speciosis
763 430 882 470 modo
916 430 981 469 vel
1013 427 1118 468 nihil
1150 427 1202 467 ad
1239 427 1521 482 probationem
1559 427 1891 478 conferentibus,
1941 435 1986 467 ut
2022 425 2160 465 mallet

254 504 387 555 bene,
421 519 542 559 quam
573 502 682 542 belle
714 500 848 541 dicere
876 506 916 540 et
946 497 1172 554 quamlibet
1202 498 1413 553 pulchram
1446 500 1726 549 locutionem,
1761 498 1841 537 nisi
1873 497 1922 537 ad
1947 499 2158 538 victoriam

255 574 462 624 tenderet,
503 573 648 627 utique
678 583 993 625 supervacuam,
1028 570 1190 609 interim
1218 571 1339 610 etiam
1369 571 1610 630 contrariam
1640 576 1802 624 putaret
1829 569 1909 625 ¹⁵)‘3
1969 570 2160 623 Denique

252 662 274 686 a
312 652 456 686 natura
495 645 581 698 ipsa
622 651 730 684 recte
772 642 949 683 faciendi
983 643 1119 696 operis
1160 640 1343 680 subsidia
1385 649 1619 694 acceperat;
1680 643 1876 698 memoria
1916 642 2025 681 enim
2056 640 2159 680 adeo

255 714 408 767 valuit,
452 722 521 767 ut,
565 717 599 755 si
631 713 796 770 quando
828 714 1082 753 interventus
1113 712 1369 767 aliquorum,
1414 714 1486 767 qui
1517 711 1628 753 hune
1659 713 1853 754 honorem
1886 719 2157 761 mererentur,

254 790 401 830 iterare
440 786 745 828 declamationis
775 791 931 840 partem
964 785 1196 841 coegisset,
1241 783 1361 823 etiam
1393 798 1499 838 quae
1530 798 1580 824 ex
1613 791 1794 840 tempore
1825 784 2071 825 videbantur
2100 783 2160 822 et’-

256 859 345 899 fusa
376 874 465 900 esse
495 858 547 898 ad
577 856 746 897 verbum
776 858 942 911 repetita
973 856 1161 897 redderet
1186 856 1256 911 1⁶).

445 930 585 969 Minus
636 929 760 969 studii
808 930 849 968 in
906 927 1268 968 declamationibus
1310 927 1530 968 collocasse
1578 928 1769 980 videtur,
1832 942 1974 982 parum
2016 927 2162 966 similis

255 1001 486 1057 aequalium
514 1015 680 1041 snorum
704 1000 800 1041 inde
824 1007 1053 1055 exoptatam
1078 998 1325 1039 celebritatis
1351 998 1524 1053 palmam
1551 999 1631 1038 sibi
1655 1001 1954 1055 quaerentium.
2004 998 2160 1050 Quam-

256 1087 377 1127 quam
417 1074 523 1111 enim
565 1088 658 1123 eas,
716 1074 751 1111 si
793 1071 914 1111 modo
952 1071 1004 1110 ad
1045 1072 1255 1110 veritatem
1287 1070 1610 1111 accommodatae
1649 1078 1689 1111 ct
1719 1070 1974 1112 orationibus
2005 1070 2159 1110 similes

256 1149 416 1193 essent,
446 1156 529 1183 non
559 1148 717 1182 tantum
749 1140 844 1181 dum
872 1140 1122 1181 adolesceret
1152 1141 1385 1196 profectus,
1431 1141 1552 1182 utiles
1583 1140 1779 1182 iudicavit
1809 1149 1977 1197 propter
2003 1141 2158 1180 inveni-

257 1213 352 1254 endi
379 1220 420 1254 et
445 1213 689 1269 disponendi
715 1214 1065 1264 exercitationem,
1096 1212 1170 1253 sed
1187 1214 1306 1253 etiam
1333 1228 1460 1269 quum
1482 1220 1589 1254 esset
1618 1221 1924 1254 consummatus
1956 1220 2093 1253 orator
2123 1220 2163 1252 et

256 1287 336 1325 iam
367 1286 411 1325 in
441 1285 532 1325 foro
558 1285 716 1326 clarus:
768 1284 823 1325 ali
852 1285 961 1325 enim
996 1290 1119 1339 atque
1149 1286 1372 1326 enitescere
1403 1285 1516 1325 velut
1546 1284 1696 1340 pabulo
1727 1286 1895 1326 laetiore
1927 1284 2159 1326 facundiam

256 1363 298 1397 et
327 1355 489 1397 assidua
518 1357 825 1398 contentionum
856 1357 1074 1412 asperitate
1113 1357 1321 1414 fatigatam
1361 1358 1549 1399 renovari
1575 1357 1655 1416 ¹⁷):
1713 1364 1849 1398 tamen
1891 1371 2027 1413 neque
2069 1355 2164 1397 ado-

255 1428 502 1470 lescentulos
542 1429 712 1468 nimium
758 1430 802 1469 in
843 1429 946 1469 falsa
983 1443 1119 1470 rerum
1150 1430 1328 1485 imagine
1355 1429 1629 1485 inanibusque
1660 1428 1890 1469 simulacris
1920 1427 2163 1468 detinendos

255 1500 503 1540 existimavit
524 1499 607 1557 18),
651 1515 727 1541 nec
758 1502 878 1541 etiam
909 1502 984 1553 iis,
1029 1502 1101 1557 qui
1136 1507 1177 1540 et
1211 1505 1342 1541 aetate
1372 1507 1413 1541 et
1443 1500 1672 1542 eruditione
1702 1500 1834 1555 magis
1864 1499 2071 1554 progressi
2101 1512 2164 1537 es-

258 1576 376 1620 sent,
426 1573 470 1609 in
510 1571 595 1610 illis
637 1571 746 1612 ludis
789 1572 943 1612 diutius
986 1572 1317 1612 commorandum
1354 1588 1443 1613 esse
1487 1572 1539 1612 ad
1581 1572 1829 1626 voluptatem
1868 1571 2006 1624 potius
2041 1565 2164 1625 atque

256 1642 598 1693 ostentationem,
631 1657 753 1697 quam
784 1642 1086 1684 meditationem
1118 1642 1345 1684 forensium
1375 1643 1581 1684 actionum
1612 1642 1848 1697 compositis
1873 1642 1942 1697 19).
2009 1641 2163 1682 Verum

257 1713 290 1752 si
322 1712 423 1767 quid
455 1713 721 1765 declamavit,
762 1728 850 1755 eam
882 1714 994 1754 baud
1023 1714 1147 1755 dubie
1178 1715 1271 1754 iniit
1298 1716 1525 1768 rationem,
1573 1723 1619 1755 ut
1645 1716 1741 1755 vitia
1773 1721 1999 1755 ceterorum
2032 1711 2163 1752 deela-

255 1791 480 1836 matorum,
534 1789 774 1827 concitatam
810 1800 973 1840 semper
1009 1787 1257 1836 orationem,
1305 1786 1521 1825 verborum
1554 1786 1923 1841 magnificentiam,
1972 1784 2160 1823 frivolam

256 1854 419 1896 dicendi
463 1854 753 1909 cupiditatem,
807 1855 885 1895 alia
930 1870 1034 1910 quae
1070 1857 1113 1895 in
1157 1858 1321 1897 meritas
1354 1872 1476 1911 saepe
1513 1858 1730 1898 incurrunt
1760 1858 1847 1898 eius
1879 1855 2161 1911 reprehensio-

256 1941 329 1969 nes
352 1926 409 1984 2ο)
441 1925 662 1983 diligenter
691 1928 862 1968 evitaret
883 1926 957 1984 2¹).
1225 1914 1236 1932 ⁹

446 2000 639 2054 Magnam
680 1992 845 2050 autem,
898 2014 950 2039 ne
986 1999 1116 2038 dicam
1158 2000 1375 2039 maximam
1418 2001 1566 2054 quietis
1604 2006 1758 2053 partem
1798 1998 2016 2039 iuvenibus
2053 1998 2165 2037 dedit

255 2068 491 2111 erudiendis
527 2085 710 2111 summus
747 2070 843 2123 ille,
891 2077 938 2111 ut
977 2068 1114 2111 verbis
1145 2075 1238 2110 utar
1264 2071 1494 2123 Martialis,
1539 2087 1664 2128 vagae
1696 2073 1885 2113 inventae
1914 2070 2158 2111 moderator.

255 2141 342 2181 Nec
373 2155 470 2181 suae
503 2147 659 2181 tantum
690 2144 834 2183 aetatis
853 2171 866 2193 ,
920 2142 992 2183 sed
1025 2143 1149 2183 totius
1179 2144 1436 2198 antiquitatis
1468 2146 1647 2199 optimus
1674 2144 1772 2184 mihi
1804 2142 1968 2198 quidem
2001 2141 2163 2181 videtur

257 2210 385 2251 fuisse
424 2218 675 2266 praeceptor.
750 2212 998 2253 Admiranda
1037 2212 1220 2268 profecto
1258 2215 1477 2268 sagacitate
1514 2216 1698 2255 vitiosam
1734 2214 2001 2269 plurimorum
2034 2212 2161 2266 magi·

285 2360 335 2394 14)
376 2358 454 2388 Inst.
477 2364 556 2388 orat.
577 2360 615 2393 6,
634 2359 672 2395 2,
697 2359 736 2388 25
759 2366 829 2395 sqq.
872 2358 1073 2395 Frequenter
1102 2364 1205 2388 motus
1233 2367 1317 2395 sum,
1349 2365 1383 2388 ut
1411 2368 1459 2389 me
1489 2369 1549 2389 non
1571 2360 1721 2390 lacrimae
1742 2361 1847 2391 solum
1871 2362 2162 2400 deprehenderem,

372 2410 429 2441 sed
451 2410 556 2450 pauor
575 2417 607 2442 et
628 2411 699 2442 veri
719 2410 836 2442 similis
856 2410 961 2442 dolor.

283 2465 332 2502 15)
373 2464 451 2496 Inst.
473 2470 554 2495 orat.
575 2465 612 2500 2,
634 2466 671 2502 4,
692 2466 741 2495 32.
784 2466 818 2500 4,
838 2466 873 2503 3,
894 2466 922 2496 2.
1228 2466 1276 2503 16)
1316 2465 1395 2497 lust.
1417 2472 1498 2497 orat.
1523 2468 1575 2504 11,
1596 2467 1632 2502 2,
1655 2468 1703 2497 39.

282 2518 331 2554 17)
373 2517 449 2548 lust.
472 2523 553 2549 orat.
578 2519 633 2555 1⁰,
655 2519 690 2555 5,
714 2519 760 2549 14.
803 2518 844 2550 cs.
869 2520 916 2550 17.
1223 2520 1272 2554 18)
1313 2518 1391 2550 Inst.
1413 2526 1491 2551 orat.
1516 2521 1568 2557 10,
1589 2521 1626 2557 5,
1651 2522 1696 2551 17.
1741 2521 1782 2552 cs.
1808 2522 1863 2559 12,
1888 2523 1941 2558 ΙΙ,
1968 2523 2013 2552 15.

283 2571 332 2609 19)
373 2570 450 2600 Inst.
474 2576 554 2603 orat.
575 2571 613 2608 4,
635 2572 671 2605 3,
691 2572 720 2602 2.
761 2571 797 2608 5,
821 2572 873 2610 12,
897 2574 943 2602 17.
1221 2573 1272 2609 20)
1313 2572 1392 2604 Inst.
1414 2579 1493 2604 orat.
1517 2574 1552 2609 3,
1573 2574 1610 2610 8,
1632 2574 1681 2604 58.
1703 2575 1752 2605 69.
1799 2576 1850 2610 10,
1872 2574 1911 2610 2,
1937 2575 1983 2604 12.
2027 2578 2061 2612 7,
2083 2576 2129 2605 21.

283 2626 335 2661 21)
376 2623 428 2654 De
449 2624 736 2655 declamationibus
765 2624 969 2663 undeviginti
991 2625 1165 2657 maioribus
1187 2631 1219 2658 et
1239 2631 1363 2657 centum
1385 2627 1596 2665 quadraginta
1617 2629 1758 2667 quinque
1778 2627 1972 2666 minoribus,
2004 2638 2086 2667 quae
2105 2629 2164 2659 sub

371 2677 497 2707 nomine
525 2677 720 2709 Quintiliani
748 2678 894 2709 feruntur
924 2679 1053 2710 interim
1087 2680 1152 2711 vid.
1181 2680 1350 2711 Westerm.
1382 2680 1402 2709 1.
1427 2689 1452 2709 c.
1484 2681 1508 2716 §.
1532 2681 1589 2717 80,
1612 2682 1659 2714 28.
1713 2680 1881 2721 Spalding.
1903 2684 2002 2721 praef.
2038 2693 2067 2721 p.
2091 2683 2162 2713 XL.

372 2730 421 2761 Cs.
441 2739 508 2769 sup.
539 2740 568 2770 p.
592 2733 620 2762 6.
655 2741 684 2761 n.
708 2733 756 2763 33.
