2417 3023
1062 171 1321 211 ..5-

241 293 332 334 dem
369 288 465 330 libri
511 288 646 344 quinti
661 287 741 344 22),
788 285 857 327 ubi
898 286 1075 328 Seneca:
1138 288 1399 339 »Pertinere,
1451 288 1610 342 inquit,
1663 294 1799 328 autem
1844 286 1895 326 ad
1939 301 2022 327 rem
2066 303 2147 328 non

240 369 364 418 puto,
397 358 601 414 quomodo
632 359 681 398 L.
713 359 899 413 Magius',
927 373 1056 413 gener
1079 359 1132 398 T.
1158 359 1289 409 Livii,
1324 358 1631 408 declamaverit,
1667 360 1854 413 quamvis
1880 357 2022 413 aliquo
2050 366 2148 398 teni·

239 445 338 487 pore
369 444 486 472 suum
519 428 714 485 populum
747 426 913 478 habuit,
958 442 1084 483 quum
1117 428 1234 467 illum
1274 426 1463 467 homines
1490 442 1573 467 non
1600 429 1642 467 in
1676 429 1804 483 ipsius
1829 428 2029 469 honorem
2063 427 2150 467 lau·

240 501 409 553 darent,
455 501 528 541 sed
560 501 601 541 in
643 501 773 541 soceri
816 500 1000 550 ferrent3
1047 497 1252 553 quomodo
1285 498 1334 536 L.
1366 500 1573 552 Asprenas
1610 505 1681 539 aut
1711 499 1992 551 Quintilianus
2024 514 2149 540 senex

238 572 537 614 declamaverit.
602 572 786 613 Transeo
817 570 934 622 illos,
969 584 1144 626 quorum
1171 570 1276 609 fama
1305 584 1396 610 cum
1429 572 1529 625 ipsis
1557 571 1736 611 extincta
1764 578 1841 611 est.
1860 590 1874 606 ι
1933 572 2018 611 lam
2054 587 2151 612 vero

237 645 297 684 sic
327 642 414 684 fere
446 641 656 696 disputant
684 643 762 682 viri
791 642 925 692 docti,
970 655 1110 681 senem
1141 640 1295 681 dictum
1322 654 1411 680 esse
1442 640 1746 693 Quintilianum
1780 657 1801 681 a
1834 642 1988 683 Seneca
2006 671 2019 693 ,
2052 650 2098 683 ut
2129 659 2150 682 a

239 715 402 754 iuniore
432 712 513 753 alio
544 712 894 768 distingueretur,
941 711 1055 753 hunc
1079 719 1214 752 autem
1246 711 1447 751 iuniorem
1478 712 1534 751 Μ.
1573 712 1687 754 Fabii
1721 713 1972 767 Quintiliani
2007 729 2150 769 paren·

239 793 319 825 tem
350 783 493 824 fuisse.
557 783 674 836 Quae
706 796 826 823 nemo
858 796 940 823 non
971 781 1083 823 videt
1113 798 1235 838 quam
1267 780 1534 822 audacissima
1566 783 1800 825 coniectura
1828 783 1925 825 inde
1958 799 2148 839 expressa

240 856 347 908 sint,
380 855 616 910 praesertim
648 867 774 908 quum
806 867 964 894 senex
996 868 1047 894 ne
1077 853 1240 909 legatur
1272 852 1435 908 quidem
1467 854 1509 892 in
1541 853 1734 895 omnihus
1765 855 1882 896 libris
1903 855 1973 913 23).
2043 855 2151 895 Illud

239 926 405 983 quidem
437 925 613 966 libenter
636 924 807 977 damus,
844 932 1026 980 tempora
1056 926 1309 978 convenire3
1355 940 1493 966 nonne
1524 933 1659 967 autem
1694 926 1831 981 plures
1862 927 2044 968 eiusdem
2078 942 2150 968 uo·

239 999 362 1037 minis
393 997 471 1035 viri
503 995 643 1036 eadem
668 1002 799 1036 aetate
825 997 980 1036 Romae
1011 1010 1101 1036 esse
1132 996 1386 1050 potuerunt?
1456 997 1626 1037 Tacitus
1658 1005 1768 1037 certe
1801 997 1907 1038 alius
1937 998 2148 1039 cuiusdam

240 1067 488 1121 Quintiliani
518 1068 704 1108 notitiam
736 1066 948 1108 nobiscum
977 1067 1295 1108 communicavit
1312 1067 1394 1120 ²⁴¹),
1443 1083 1595 1124 quem,
1637 1083 1766 1124 quum
1795 1068 1987 1110 tribunus
2018 1070 2152 1125 plebis

240 1139 388 1191 fuerit,
415 1144 545 1179 aetate
573 1153 656 1179 non
682 1146 966 1194 repugnante,
999 1162 1054 1167 —-
1086 1152 1193 1178 anno
1224 1139 1333 1179 enim
1364 1136 1425 1178 52
1464 1155 1505 1194 p.
1537 1139 1617 1180 Ch.
1650 1141 1781 1195 gessit
1813 1139 2062 1181 tribunatum
2094 1166 2151 1172 —-

240 1224 359 1252 nemo
389 1217 523 1251 tamen
553 1209 758 1251 rhetorem
791 1215 974 1250 nostrum
1005 1207 1281 1263 existimabit3
1314 1216 1355 1250 et
1377 1209 1588 1252 Fabricius
1615 1226 1781 1267 quoque
1809 1224 2031 1252 numeroso
2057 1226 2150 1266 pro·

239 1281 310 1322 bat
334 1281 684 1334 Quintilianorum
716 1296 888 1323 recensu
920 1280 1023 1322 illud
1055 1295 1204 1321 nomen
1234 1281 1344 1322 haud
1369 1297 1507 1322 rarum
1551 1282 1679 1324 fuisse
1709 1277 1864 1324 Romae
1887 1282 1966 1335 ²⁵).
2042 1282 2150 1323 Mul-

240 1361 321 1394 tam
353 1367 450 1394 vero
480 1354 756 1408 suspicionem
783 1352 854 1394 illa
883 1354 1118 1394 coniectura
1149 1358 1307 1405 movet,
1341 1354 1376 1393 si
1407 1354 1609 1410 originem
1644 1354 1734 1395 eius
1764 1354 2005 1410 investiges.
2061 1354 2150 1394 Sci·

237 1425 335 1466 licet
363 1424 567 1466 rhetorem
609 1426 733 1465 istum
765 1425 882 1464 Fabii
923 1438 1044 1464 avum
1090 1438 1180 1464 esse
1218 1423 1387 1476 volunt,
1444 1439 1528 1480 quo
1575 1424 1738 1466 facilius
1774 1423 1870 1465 inde
1914 1422 2027 1465 hunc
2067 1437 2150 1464 uon

237 1496 473 1552 Calagurri,
523 1496 596 1537 sed
621 1497 776 1538 Romae
813 1502 953 1538 natum
985 1495 1268 1538 demonstrent
1289 1494 1363 1551 ²⁶).
1438 1495 1698 1553 Quamquam
1738 1494 1889 1536 frustra
1928 1495 2146 1547 nituntur;

235 1567 505 1608 concedamus
536 1568 645 1609 enim
676 1584 797 1609 avum
829 1568 1079 1622 Quintiliani
1108 1568 1265 1609 Romae
1297 1568 1472 1620 vixisse,
1518 1574 1564 1609 ut
1594 1567 1750 1610 Seneca
1781 1582 1875 1610 eum
1905 1566 2045 1608 audire
2075 1580 2148 1622 po·

235 1640 384 1689 tuerit,
427 1653 564 1680 nonne
605 1641 713 1693 patri
745 1641 833 1681 eius
865 1638 996 1681 nihilo
1022 1641 1156 1681 secius
1189 1638 1501 1694 Calagurritano
1525 1654 1615 1679 esse
1644 1637 1823 1680 licebat?
1885 1638 1940 1678 Et
1967 1638 2003 1678 si
2033 1643 2150 1693 pater

236 1722 401 1765 quoque
432 1709 586 1748 Romae
613 1707 856 1759 habitasset,
887 1707 980 1748 fieri
1010 1714 1146 1749 tamen
1176 1710 1406 1763 potuisset,
1439 1715 1485 1749 ut
1509 1707 1621 1749 filius
1646 1708 1863 1765 Calagurri
1893 1715 2146 1759 nasceretur,

237 1795 364 1837 quum
394 1778 498 1820 illud
528 1779 693 1836 quidem
725 1779 889 1836 probari
916 1779 1032 1821 nullo
1070 1778 1191 1821 modo
1229 1786 1378 1836 queat,
1428 1788 1581 1837 patrem
1620 1795 1782 1837 semper
1824 1782 1944 1822 vitam
1985 1779 2148 1836 degisse

235 1853 389 1893 Romae
404 1850 476 1905 ²⁷).

428 1921 510 1963 Sed
538 1921 617 1962 alia
648 1924 770 1963 etiam
803 1924 903 1962 exiit
936 1923 1106 1977 opinio3
1149 1910 1249 1962 sunt
1285 1923 1421 1973 enim,
1443 1923 1541 1980 ‘qui
1571 1921 1878 1975 Quintilianum
1910 1922 1953 1962 in
1984 1927 2148 1962 contro-

236 1993 381 2034 versiis
407 1992 587 2035 Senecae
614 1990 780 2033 obvium
813 1991 931 2033 Fabii
962 2006 1046 2033 non
1077 2007 1196 2032 avum
1226 1990 1403 2044 ducant,
1431 1990 1504 2032 sed
1528 1998 1705 2047 patrem.
1783 1992 1831 2031 In
1862 2005 2038 2047 quorum
2071 2005 2148 2031 nu·

235 2076 347 2103 mero
372 2069 434 2102 est
456 2062 750 2118 Spaldingius,
784 2077 951 2104 caussae
972 2069 1107 2103 tamen
1122 2090 1135 2113 ,
1168 2077 1244 2103 cur
1269 2064 1324 2102 ita
1350 2069 1530 2113 censeat,
1562 2062 1714 2102 lectore
1738 2077 1822 2101 non
1846 2061 2059 2101 admonito
2069 2062 2144 2116 ²⁸).

236 2134 343 2174 Aliis
368 2133 532 2189 quidem
565 2136 665 2176 viris
695 2135 824 2177 doctis
864 2137 953 2176 eius
985 2136 1156 2176 rationis
1186 2141 1473 2190 argumentum
1505 2148 1594 2175 esse
1625 2131 1779 2189 placuit
1825 2133 1868 2173 in
1898 2130 2022 2185 odio,
2064 2146 2148 2189 quo

237 2206 286 2247 L.
316 2206 513 2247 Annaeus
542 2205 697 2249 Seneca
723 2205 994 2264 philosophus
1020 2211 1061 2248 et
1090 2204 1375 2260 Quintilianus
1406 2212 1547 2248 noster
1576 2194 1838 2248 dissederunt
1857 2205 1934 2259 ²9).
1998 2203 2146 2246 Odium

255 2365 306 2402 22)
347 2373 378 2402 p.
399 2364 468 2393 318.

253 2417 307 2455 23)
348 2425 377 2445 v.
400 2424 428 2445 c.
453 2414 487 2445 in
509 2414 688 2455 Bipontina
707 2412 781 2444 anni
806 2413 894 2444 1783.

253 2470 305 2504 24)
347 2469 423 2498 Tac.
445 2476 516 2498 ann.
538 2469 575 2504 6,
600 2469 637 2499 12

254 2521 306 2559 25)
347 2519 474 2551 Fabric.
499 2518 649 2550 biblioth.
673 2518 725 2549 lat.
747 2519 782 2556 2,
806 2518 850 2549 14.
873 2518 988 2558 p.25⁷.

254 2575 307 2610 26)
348 2574 389 2604 V.
411 2574 516 2613 Bayle
537 2574 560 2604 l.
583 2583 610 2603 c.
632 2582 662 2603 n.
686 2572 725 2602 E.

254 2626 307 2663 27)
345 2623 394 2653 Cs-
415 2625 532 2655 Ancon.
555 2625 576 2655 Ι.
599 2633 628 2655 c.
649 2625 675 2662 §.
698 2625 768 2655 241.

255 2682 307 2716 28)
349 2678 390 2708 V.
411 2684 518 2708 notam
539 2680 607 2716 ejus
628 2678 670 2708 ad
689 2678 798 2709 Quint.
823 2677 898 2709 inst.
924 2684 1005 2709 orat.
1027 2680 1063 2713 9,
1083 2679 1122 2716 3,
1144 2680 1209 2717 73.,
1240 2687 1304 2716 quo
1333 2679 1404 2709 loco
1430 2687 1487 2709 cur
1513 2677 1554 2708 ad
1574 2679 1613 2717 6,
1643 2687 1784 2718 prooem.
1809 2678 1845 2710 13
1872 2677 2026 2709 lectoren
2046 2677 2142 2710 reni-

348 2729 447 2768 serit,
478 2730 629 2769 equidem
651 2738 716 2762 non
737 2729 912 2772 perspicio.
954 2729 1017 2761 Hic
1038 2730 1123 2761 enim
1144 2729 1187 2762 de
1206 2730 1359 2772 adoptivo
1380 2730 1444 2762 filii
1467 2730 1516 2761 sui
1539 2736 1630 2772 patre
1651 2730 1794 2770 loquitur
1814 2729 2043 2761 Quintilianus.

256 2785 307 2819 29)
348 2784 390 2816 V.
413 2785 528 2815 Anton.
553 2784 574 2813 1.
597 2793 623 2814 c.
644 2785 669 2822 ξ.
690 2785 740 2815 4³.
