<?xml version="1.0" encoding="UTF-8"?>
<!DOCTYPE html PUBLIC "-//W3C//DTD XHTML 1.0 Transitional//EN"
    "http://www.w3.org/TR/xhtml1/DTD/xhtml1-transitional.dtd">
<html xmlns="http://www.w3.org/1999/xhtml" xml:lang="en" lang="en">
 <head>
  <title>
</title>
<meta http-equiv="Content-Type" content="text/html;charset=utf-8" />
  <meta name='ocr-system' content='tesseract 3.04.00' />
  <meta name='ocr-capabilities' content='ocr_page ocr_carea ocr_par ocr_line ocrx_word'/>
</head>
<body>
  <div class='ocr_page' id='page_1' title='image "./4624618_0034.png"; bbox 0 0 2417 3023; ppageno 0'>
   <div class='ocr_carea' id='block_1_1' title="bbox 1064 103 1356 144">
    <p class='ocr_par' dir='ltr' id='par_1_1' title="bbox 1064 103 1356 144">
     <span class='ocr_line' id='line_1_1' title="bbox 1064 103 1356 144; baseline 0 -7"><span class='ocrx_word' id='word_1_1' title='bbox 1064 103 1356 144; x_wconf 69' lang='lat'><strong>-26-</strong></span> 
     </span>
    </p>
   </div>
   <div class='ocr_carea' id='block_1_2' title="bbox 253 218 2170 1057">
    <p class='ocr_par' dir='ltr' id='par_1_2' title="bbox 253 218 2170 1057">
     <span class='ocr_line' id='line_1_2' title="bbox 255 218 2167 276; baseline -0.001 -15"><span class='ocrx_word' id='word_1_2' title='bbox 255 222 515 261; x_wconf 85' lang='lat' dir='ltr'><strong>institutione</strong></span> <span class='ocrx_word' id='word_1_3' title='bbox 547 226 587 260; x_wconf 89' lang='lat' dir='ltr'><strong>et</strong></span> <span class='ocrx_word' id='word_1_4' title='bbox 616 234 757 259; x_wconf 85' lang='lat' dir='ltr'><strong>caussa</strong></span> <span class='ocrx_word' id='word_1_5' title='bbox 790 220 1010 259; x_wconf 79' lang='lat' dir='ltr'>Berenices</span> <span class='ocrx_word' id='word_1_6' title='bbox 1048 218 1153 259; x_wconf 90' lang='lat' dir='ltr'><strong>bene</strong></span> <span class='ocrx_word' id='word_1_7' title='bbox 1180 220 1387 275; x_wconf 85' lang='lat' dir='ltr'><strong>congruit.</strong></span> <span class='ocrx_word' id='word_1_8' title='bbox 1464 218 1624 259; x_wconf 80' lang='lat' dir='ltr'>Plinius</span> <span class='ocrx_word' id='word_1_9' title='bbox 1667 221 1805 271; x_wconf 85' lang='lat' dir='ltr'><strong>enim,</strong></span> <span class='ocrx_word' id='word_1_10' title='bbox 1854 223 1927 276; x_wconf 89' lang='lat' dir='ltr'><strong>qui</strong></span> <span class='ocrx_word' id='word_1_11' title='bbox 1967 236 2075 262; x_wconf 86' lang='lat' dir='ltr'><strong>auno</strong></span> <span class='ocrx_word' id='word_1_12' title='bbox 2111 219 2167 260; x_wconf 87' lang='grc'><strong>79</strong></span> 
     </span>
     <span class='ocr_line' id='line_1_3' title="bbox 254 290 2166 346; baseline 0 -13"><span class='ocrx_word' id='word_1_13' title='bbox 254 292 539 346; x_wconf 85' lang='lat' dir='ltr'><strong>duodeviginti</strong></span> <span class='ocrx_word' id='word_1_14' title='bbox 569 305 700 331; x_wconf 90' lang='lat' dir='ltr'><strong>annos</strong></span> <span class='ocrx_word' id='word_1_15' title='bbox 732 297 853 331; x_wconf 87' lang='lat' dir='ltr'><strong>natus</strong></span> <span class='ocrx_word' id='word_1_16' title='bbox 882 290 991 344; x_wconf 88' lang='lat' dir='ltr'><strong>apud</strong></span> <span class='ocrx_word' id='word_1_17' title='bbox 1021 290 1270 331; x_wconf 85' lang='lat' dir='ltr'><strong>avunculum</strong></span> <span class='ocrx_word' id='word_1_18' title='bbox 1301 291 1456 330; x_wconf 80' lang='lat' dir='ltr'>Miseni</span> <span class='ocrx_word' id='word_1_19' title='bbox 1486 290 1740 341; x_wconf 78' lang='lat' dir='ltr'><strong>versabatur,</strong></span> <span class='ocrx_word' id='word_1_20' title='bbox 1774 291 2010 345; x_wconf 89' lang='lat' dir='ltr'><strong>quindecim</strong></span> <span class='ocrx_word' id='word_1_21' title='bbox 2032 299 2166 333; x_wconf 88' lang='lat' dir='ltr'><strong>autem</strong></span> 
     </span>
     <span class='ocr_line' id='line_1_4' title="bbox 255 358 2165 414; baseline 0.001 -11"><span class='ocrx_word' id='word_1_22' title='bbox 255 370 373 403; x_wconf 92' lang='lat' dir='ltr'><strong>natus</strong></span> <span class='ocrx_word' id='word_1_23' title='bbox 399 362 552 402; x_wconf 83' lang='lat' dir='ltr'><strong>rhetori</strong></span> <span class='ocrx_word' id='word_1_24' title='bbox 581 376 633 401; x_wconf 82' lang='lat' dir='ltr'><strong>ex</strong></span> <span class='ocrx_word' id='word_1_25' title='bbox 665 376 776 402; x_wconf 89' lang='lat' dir='ltr'><strong>more</strong></span> <span class='ocrx_word' id='word_1_26' title='bbox 808 360 980 403; x_wconf 88' lang='lat' dir='ltr'><strong>traditus</strong></span> <span class='ocrx_word' id='word_1_27' title='bbox 1019 368 1106 413; x_wconf 90' lang='lat' dir='ltr'><strong>est,</strong></span> <span class='ocrx_word' id='word_1_28' title='bbox 1139 362 1218 402; x_wconf 88' lang='lat' dir='ltr'><strong>nisi</strong></span> <span class='ocrx_word' id='word_1_29' title='bbox 1249 362 1368 402; x_wconf 88' lang='lat' dir='ltr'><strong>annis</strong></span> <span class='ocrx_word' id='word_1_30' title='bbox 1390 358 1567 401; x_wconf 84' lang='grc'><strong>76-78</strong></span> <span class='ocrx_word' id='word_1_31' title='bbox 1587 359 1846 414; x_wconf 80' lang='lat' dir='ltr'><strong>Quintiliano</strong></span> <span class='ocrx_word' id='word_1_32' title='bbox 1883 361 2048 403; x_wconf 87' lang='lat' dir='ltr'><strong>studere</strong></span> <span class='ocrx_word' id='word_1_33' title='bbox 2083 379 2165 404; x_wconf 90' lang='lat' dir='ltr'><strong>non</strong></span> 
     </span>
     <span class='ocr_line' id='line_1_5' title="bbox 255 432 2163 488; baseline 0 -14"><span class='ocrx_word' id='word_1_34' title='bbox 255 435 403 488; x_wconf 90' lang='lat' dir='ltr'><strong>potuit.</strong></span> <span class='ocrx_word' id='word_1_35' title='bbox 468 433 630 488; x_wconf 86' lang='lat' dir='ltr'><strong>Regina</strong></span> <span class='ocrx_word' id='word_1_36' title='bbox 662 440 798 473; x_wconf 89' lang='lat' dir='ltr'><strong>autem</strong></span> <span class='ocrx_word' id='word_1_37' title='bbox 824 434 1022 474; x_wconf 78' lang='lat' dir='ltr'><strong>Berenice</strong></span> <span class='ocrx_word' id='word_1_38' title='bbox 1055 434 1309 487; x_wconf 76' lang='lat' dir='ltr'><strong>Vespasiano</strong></span> <span class='ocrx_word' id='word_1_39' title='bbox 1340 440 1525 483; x_wconf 70' lang='lat' dir='ltr'><strong>sextum,</strong></span> <span class='ocrx_word' id='word_1_40' title='bbox 1560 433 1655 472; x_wconf 90' lang='lat' dir='ltr'><strong>Tito</strong></span> <span class='ocrx_word' id='word_1_41' title='bbox 1686 439 1874 488; x_wconf 87' lang='lat' dir='ltr'><strong>quartum</strong></span> <span class='ocrx_word' id='word_1_42' title='bbox 1907 432 2163 486; x_wconf 89' lang='lat' dir='ltr'><strong>consulibus,</strong></span> 
     </span>
     <span class='ocr_line' id='line_1_6' title="bbox 253 501 2166 559; baseline 0.001 -15"><span class='ocrx_word' id='word_1_43' title='bbox 253 519 362 544; x_wconf 85' lang='lat' dir='ltr'><strong>anno</strong></span> <span class='ocrx_word' id='word_1_44' title='bbox 394 501 475 554; x_wconf 77' lang='lat'><strong>75,</strong></span> <span class='ocrx_word' id='word_1_45' title='bbox 511 518 602 544; x_wconf 90' lang='lat' dir='ltr'><strong>cum</strong></span> <span class='ocrx_word' id='word_1_46' title='bbox 635 504 760 544; x_wconf 82' lang='lat' dir='ltr'><strong>fratre</strong></span> <span class='ocrx_word' id='word_1_47' title='bbox 789 507 971 559; x_wconf 81' lang='lat' dir='ltr'>Agrippa</span> <span class='ocrx_word' id='word_1_48' title='bbox 1004 505 1174 544; x_wconf 82' lang='lat' dir='ltr'>Romam</span> <span class='ocrx_word' id='word_1_49' title='bbox 1207 506 1342 554; x_wconf 88' lang='lat' dir='ltr'><strong>venit,</strong></span> <span class='ocrx_word' id='word_1_50' title='bbox 1378 512 1423 543; x_wconf 88' lang='lat' dir='ltr'><strong>ut</strong></span> <span class='ocrx_word' id='word_1_51' title='bbox 1453 506 1495 543; x_wconf 89' lang='lat' dir='ltr'><strong>in</strong></span> <span class='ocrx_word' id='word_1_52' title='bbox 1524 504 1679 544; x_wconf 87' lang='lat' dir='ltr'><strong>Palatio</strong></span> <span class='ocrx_word' id='word_1_53' title='bbox 1710 505 1911 545; x_wconf 82' lang='lat' dir='ltr'><strong>habitaret</strong></span> <span class='ocrx_word' id='word_1_54' title='bbox 1941 506 2166 559; x_wconf 89' lang='lat' dir='ltr'><strong>intimaque</strong></span> 
     </span>
     <span class='ocr_line' id='line_1_7' title="bbox 255 574 2167 632; baseline 0.001 -17"><span class='ocrx_word' id='word_1_55' title='bbox 255 576 340 615; x_wconf 88' lang='lat' dir='ltr'><strong>Titi</strong></span> <span class='ocrx_word' id='word_1_56' title='bbox 370 575 646 616; x_wconf 79' lang='lat' dir='ltr'><strong>familiaritate</strong></span> <span class='ocrx_word' id='word_1_57' title='bbox 676 581 876 626; x_wconf 86' lang='lat' dir='ltr'><strong>uteretur,</strong></span> <span class='ocrx_word' id='word_1_58' title='bbox 911 582 996 615; x_wconf 90' lang='lat' dir='ltr'><strong>rata</strong></span> <span class='ocrx_word' id='word_1_59' title='bbox 1028 576 1070 614; x_wconf 87' lang='lat' dir='ltr'><strong>in</strong></span> <span class='ocrx_word' id='word_1_60' title='bbox 1102 575 1406 614; x_wconf 80' lang='lat' dir='ltr'><strong>matrimonium</strong></span> <span class='ocrx_word' id='word_1_61' title='bbox 1438 589 1481 614; x_wconf 91' lang='lat' dir='ltr'><strong>se</strong></span> <span class='ocrx_word' id='word_1_62' title='bbox 1505 574 1673 616; x_wconf 87' lang='lat' dir='ltr'><strong>ductum</strong></span> <span class='ocrx_word' id='word_1_63' title='bbox 1705 578 1755 616; x_wconf 89' lang='lat' dir='ltr'><strong>iri</strong></span> <span class='ocrx_word' id='word_1_64' title='bbox 1782 592 1803 617; x_wconf 86' lang='lat' dir='ltr'><strong>a</strong></span> <span class='ocrx_word' id='word_1_65' title='bbox 1821 577 1945 618; x_wconf 78' lang='lat' dir='ltr'><strong>fratre</strong></span> <span class='ocrx_word' id='word_1_66' title='bbox 1968 577 2167 632; x_wconf 88' lang='lat' dir='ltr'><strong>principis</strong></span> 
     </span>
     <span class='ocr_line' id='line_1_8' title="bbox 255 647 2167 702; baseline -0.001 -16"><span class='ocrx_word' id='word_1_67' title='bbox 255 649 500 702; x_wconf 89' lang='lat' dir='ltr'><strong>imperiique</strong></span> <span class='ocrx_word' id='word_1_68' title='bbox 531 660 783 686; x_wconf 85' lang='lat' dir='ltr'><strong>successore.</strong></span> <span class='ocrx_word' id='word_1_69' title='bbox 842 647 1020 693; x_wconf 87' lang='lat' dir='ltr'><strong>Vivebat</strong></span> <span class='ocrx_word' id='word_1_70' title='bbox 1044 661 1138 687; x_wconf 91' lang='lat' dir='ltr'><strong>cum</strong></span> <span class='ocrx_word' id='word_1_71' title='bbox 1166 661 1231 696; x_wconf 90' lang='lat' dir='ltr'><strong>eo,</strong></span> <span class='ocrx_word' id='word_1_72' title='bbox 1267 647 1385 700; x_wconf 87' lang='lat' dir='ltr'><strong>quasi</strong></span> <span class='ocrx_word' id='word_1_73' title='bbox 1415 661 1520 686; x_wconf 82' lang='lat' dir='ltr'><strong>uxor</strong></span> <span class='ocrx_word' id='word_1_74' title='bbox 1549 648 1638 686; x_wconf 86' lang='lat' dir='ltr'><strong>eius</strong></span> <span class='ocrx_word' id='word_1_75' title='bbox 1669 653 1792 697; x_wconf 88' lang='lat' dir='ltr'><strong>esset,</strong></span> <span class='ocrx_word' id='word_1_76' title='bbox 1825 654 1866 687; x_wconf 91' lang='lat' dir='ltr'><strong>et</strong></span> <span class='ocrx_word' id='word_1_77' title='bbox 1886 661 2025 687; x_wconf 85' lang='lat' dir='ltr'><strong>revera</strong></span> <span class='ocrx_word' id='word_1_78' title='bbox 2046 647 2167 686; x_wconf 88' lang='lat' dir='ltr'><strong>Titus</strong></span> 
     </span>
     <span class='ocr_line' id='line_1_9' title="bbox 255 716 2167 774; baseline 0 -16"><span class='ocrx_word' id='word_1_79' title='bbox 255 719 294 758; x_wconf 88' lang='lat' dir='ltr'><strong>ei</strong></span> <span class='ocrx_word' id='word_1_80' title='bbox 326 720 489 774; x_wconf 89' lang='lat' dir='ltr'><strong>nuptias</strong></span> <span class='ocrx_word' id='word_1_81' title='bbox 520 716 729 773; x_wconf 88' lang='lat' dir='ltr'><strong>pollicitus</strong></span> <span class='ocrx_word' id='word_1_82' title='bbox 762 716 986 759; x_wconf 81' lang='lat' dir='ltr'><strong>ferebatur.</strong></span> <span class='ocrx_word' id='word_1_83' title='bbox 1064 717 1146 759; x_wconf 86' lang='lat' dir='ltr'><strong>Sed</strong></span> <span class='ocrx_word' id='word_1_84' title='bbox 1188 716 1366 773; x_wconf 88' lang='lat' dir='ltr'><strong>populus</strong></span> <span class='ocrx_word' id='word_1_85' title='bbox 1400 731 1522 773; x_wconf 86' lang='lat' dir='ltr'><strong>aegre</strong></span> <span class='ocrx_word' id='word_1_86' title='bbox 1553 717 1595 757; x_wconf 90' lang='lat' dir='ltr'><strong>id</strong></span> <span class='ocrx_word' id='word_1_87' title='bbox 1626 717 1806 770; x_wconf 81' lang='lat' dir='ltr'><strong>serebat,</strong></span> <span class='ocrx_word' id='word_1_88' title='bbox 1854 725 1898 759; x_wconf 90' lang='lat' dir='ltr'><strong>ut</strong></span> <span class='ocrx_word' id='word_1_89' title='bbox 1928 718 2048 760; x_wconf 88' lang='lat' dir='ltr'><strong>Titus</strong></span> <span class='ocrx_word' id='word_1_90' title='bbox 2078 732 2167 759; x_wconf 89' lang='lat' dir='ltr'><strong>eam</strong></span> 
     </span>
     <span class='ocr_line' id='line_1_10' title="bbox 256 789 2167 845; baseline 0 -14"><span class='ocrx_word' id='word_1_91' title='bbox 256 791 490 844; x_wconf 85' lang='lat' dir='ltr'><strong>repudiaret</strong></span> <span class='ocrx_word' id='word_1_92' title='bbox 520 797 768 845; x_wconf 86' lang='lat' dir='ltr'><strong>cogeretque</strong></span> <span class='ocrx_word' id='word_1_93' title='bbox 799 789 940 830; x_wconf 89' lang='lat' dir='ltr'><strong>urbem</strong></span> <span class='ocrx_word' id='word_1_94' title='bbox 970 790 1219 845; x_wconf 87' lang='lat' dir='ltr'><strong>relinquere.</strong></span> <span class='ocrx_word' id='word_1_95' title='bbox 1295 792 1431 844; x_wconf 88' lang='lat' dir='ltr'><strong>Atque</strong></span> <span class='ocrx_word' id='word_1_96' title='bbox 1474 791 1595 830; x_wconf 90' lang='lat' dir='ltr'><strong>etiam</strong></span> <span class='ocrx_word' id='word_1_97' title='bbox 1637 790 1759 845; x_wconf 88' lang='lat' dir='ltr'><strong>paulo</strong></span> <span class='ocrx_word' id='word_1_98' title='bbox 1786 797 1879 845; x_wconf 90' lang='lat' dir='ltr'><strong>post</strong></span> <span class='ocrx_word' id='word_1_99' title='bbox 1908 806 1994 830; x_wconf 87' lang='lat' dir='ltr'><strong>eam</strong></span> <span class='ocrx_word' id='word_1_100' title='bbox 2032 792 2167 831; x_wconf 89' lang='lat' dir='ltr'><strong>statim</strong></span> 
     </span>
     <span class='ocr_line' id='line_1_11' title="bbox 256 858 2170 919; baseline 0.001 -18"><span class='ocrx_word' id='word_1_101' title='bbox 256 860 437 913; x_wconf 82' lang='lat' dir='ltr'><strong>dimisit,</strong></span> <span class='ocrx_word' id='word_1_102' title='bbox 481 876 609 918; x_wconf 91' lang='lat' dir='ltr'><strong>quum</strong></span> <span class='ocrx_word' id='word_1_103' title='bbox 642 861 731 916; x_wconf 88' lang='lat' dir='ltr'><strong>ipso</strong></span> <span class='ocrx_word' id='word_1_104' title='bbox 764 861 926 916; x_wconf 86' lang='lat' dir='ltr'><strong>imperii</strong></span> <span class='ocrx_word' id='word_1_105' title='bbox 957 861 1100 912; x_wconf 86' lang='lat' dir='ltr'><strong>initio,</strong></span> <span class='ocrx_word' id='word_1_106' title='bbox 1144 875 1252 901; x_wconf 89' lang='lat' dir='ltr'><strong>anno</strong></span> <span class='ocrx_word' id='word_1_107' title='bbox 1284 858 1362 912; x_wconf 85' lang='lat'><strong>79,</strong></span> <span class='ocrx_word' id='word_1_108' title='bbox 1403 861 1599 913; x_wconf 81' lang='lat' dir='ltr'><strong>redisset,</strong></span> <span class='ocrx_word' id='word_1_109' title='bbox 1635 877 1883 919; x_wconf 87' lang='lat' dir='ltr'><strong>quamquam</strong></span> <span class='ocrx_word' id='word_1_110' title='bbox 1914 863 2068 903; x_wconf 83' lang='lat' dir='ltr'><strong>invitus</strong></span> <span class='ocrx_word' id='word_1_111' title='bbox 2100 864 2170 903; x_wconf 90' lang='lat' dir='ltr'><strong>in-</strong></span> 
     </span>
     <span class='ocr_line' id='line_1_12' title="bbox 255 919 2164 989; baseline 0.001 -18"><span class='ocrx_word' id='word_1_112' title='bbox 255 934 377 972; x_wconf 88' lang='lat' dir='ltr'><strong>vitam</strong></span> <span class='ocrx_word' id='word_1_113' title='bbox 400 933 475 989; x_wconf 73' lang='lat'>3⁴).</span> <span class='ocrx_word' id='word_1_114' title='bbox 541 933 648 987; x_wconf 85' lang='lat' dir='ltr'><strong>Ergo</strong></span> <span class='ocrx_word' id='word_1_115' title='bbox 679 946 820 972; x_wconf 86' lang='lat' dir='ltr'><strong>caussa</strong></span> <span class='ocrx_word' id='word_1_116' title='bbox 844 919 923 972; x_wconf 76' lang='lat' dir='ltr'><strong>&#39;illa</strong></span> <span class='ocrx_word' id='word_1_117' title='bbox 955 939 1040 973; x_wconf 88' lang='lat' dir='ltr'><strong>acta</strong></span> <span class='ocrx_word' id='word_1_118' title='bbox 1074 947 1162 973; x_wconf 88' lang='lat' dir='ltr'><strong>esse</strong></span> <span class='ocrx_word' id='word_1_119' title='bbox 1189 947 1272 973; x_wconf 88' lang='lat' dir='ltr'><strong>uon</strong></span> <span class='ocrx_word' id='word_1_120' title='bbox 1301 940 1458 987; x_wconf 90' lang='lat' dir='ltr'><strong>potest,</strong></span> <span class='ocrx_word' id='word_1_121' title='bbox 1493 935 1572 974; x_wconf 88' lang='lat' dir='ltr'><strong>nisi</strong></span> <span class='ocrx_word' id='word_1_122' title='bbox 1603 948 1712 974; x_wconf 88' lang='lat' dir='ltr'><strong>anno</strong></span> <span class='ocrx_word' id='word_1_123' title='bbox 1738 932 1795 974; x_wconf 88' lang='grc'><strong>76</strong></span> <span class='ocrx_word' id='word_1_124' title='bbox 1825 934 1890 975; x_wconf 88' lang='lat' dir='ltr'><strong>vel</strong></span> <span class='ocrx_word' id='word_1_125' title='bbox 1911 933 1966 973; x_wconf 89' lang='lat'><strong>77</strong></span> <span class='ocrx_word' id='word_1_126' title='bbox 1995 933 2060 975; x_wconf 85' lang='lat' dir='ltr'><strong>vel</strong></span> <span class='ocrx_word' id='word_1_127' title='bbox 2091 931 2164 973; x_wconf 83' lang='lat'><strong>78.</strong></span> 
     </span>
     <span class='ocr_line' id='line_1_13' title="bbox 256 1003 1610 1057; baseline 0.002 -15"><span class='ocrx_word' id='word_1_128' title='bbox 256 1004 353 1043; x_wconf 85' lang='lat' dir='ltr'><strong>Alio</strong></span> <span class='ocrx_word' id='word_1_129' title='bbox 384 1004 492 1044; x_wconf 89' lang='lat' dir='ltr'><strong>enim</strong></span> <span class='ocrx_word' id='word_1_130' title='bbox 524 1009 707 1057; x_wconf 89' lang='lat' dir='ltr'><strong>tempore</strong></span> <span class='ocrx_word' id='word_1_131' title='bbox 741 1003 936 1043; x_wconf 85' lang='lat' dir='ltr'><strong>Berenice</strong></span> <span class='ocrx_word' id='word_1_132' title='bbox 963 1004 1118 1043; x_wconf 86' lang='lat' dir='ltr'><strong>Romae</strong></span> <span class='ocrx_word' id='word_1_133' title='bbox 1146 1017 1228 1044; x_wconf 89' lang='lat' dir='ltr'><strong>non</strong></span> <span class='ocrx_word' id='word_1_134' title='bbox 1259 1010 1321 1044; x_wconf 91' lang='lat' dir='ltr'><strong>est</strong></span> <span class='ocrx_word' id='word_1_135' title='bbox 1350 1011 1610 1045; x_wconf 85' lang='lat' dir='ltr'><strong>commorata.</strong></span> 
     </span>
    </p>
   </div>
   <div class='ocr_carea' id='block_1_3' title="bbox 254 1181 2167 1301">
    <p class='ocr_par' dir='ltr' id='par_1_3' title="bbox 254 1181 2167 1301">
     <span class='ocr_line' id='line_1_14' title="bbox 254 1181 2167 1225; baseline 0.003 -8"><span class='ocrx_word' id='word_1_136' title='bbox 254 1182 334 1218; x_wconf 80' lang='lat' dir='ltr'><strong>De</strong></span> <span class='ocrx_word' id='word_1_137' title='bbox 366 1182 513 1217; x_wconf 79' lang='lat' dir='ltr'><strong>libris</strong></span> <span class='ocrx_word' id='word_1_138' title='bbox 544 1183 662 1225; x_wconf 76' lang='lat' dir='ltr'><strong>post</strong></span> <span class='ocrx_word' id='word_1_139' title='bbox 693 1182 986 1217; x_wconf 77' lang='lat' dir='ltr'><strong>abdicatum</strong></span> <span class='ocrx_word' id='word_1_140' title='bbox 1022 1181 1225 1216; x_wconf 77' lang='lat' dir='ltr'><strong>dicendi</strong></span> <span class='ocrx_word' id='word_1_141' title='bbox 1264 1183 1315 1216; x_wconf 80' lang='lat' dir='ltr'><strong>et</strong></span> <span class='ocrx_word' id='word_1_142' title='bbox 1350 1182 1535 1217; x_wconf 75' lang='lat' dir='ltr'><strong>orandi</strong></span> <span class='ocrx_word' id='word_1_143' title='bbox 1566 1191 1753 1219; x_wconf 80' lang='lat' dir='ltr'><strong>munus</strong></span> <span class='ocrx_word' id='word_1_144' title='bbox 1788 1192 1819 1219; x_wconf 77' lang='lat' dir='ltr'><strong>a</strong></span> <span class='ocrx_word' id='word_1_145' title='bbox 1851 1184 2167 1225; x_wconf 67' lang='lat' dir='ltr'><strong>Quintiliano</strong></span> 
     </span>
     <span class='ocr_line' id='line_1_15' title="bbox 1107 1258 1325 1301; baseline -0.005 -7"><span class='ocrx_word' id='word_1_146' title='bbox 1107 1258 1325 1301; x_wconf 76' lang='lat' dir='ltr'><strong>seriptis.</strong></span> 
     </span>
    </p>
   </div>
   <div class='ocr_carea' id='block_1_4' title="bbox 255 1359 2171 2341">
    <p class='ocr_par' dir='ltr' id='par_1_4' title="bbox 255 1359 2171 2053">
     <span class='ocr_line' id='line_1_16' title="bbox 447 1359 2168 1418; baseline 0.002 -17"><span class='ocrx_word' id='word_1_147' title='bbox 447 1362 546 1401; x_wconf 91' lang='lat' dir='ltr'><strong>Post</strong></span> <span class='ocrx_word' id='word_1_148' title='bbox 576 1360 807 1402; x_wconf 89' lang='lat' dir='ltr'><strong>abdicatum</strong></span> <span class='ocrx_word' id='word_1_149' title='bbox 839 1362 959 1401; x_wconf 88' lang='lat' dir='ltr'><strong>initio</strong></span> <span class='ocrx_word' id='word_1_150' title='bbox 991 1375 1140 1401; x_wconf 91' lang='lat' dir='ltr'><strong>munus</strong></span> <span class='ocrx_word' id='word_1_151' title='bbox 1160 1359 1438 1416; x_wconf 86' lang='lat' dir='ltr'><strong>praecipiendi</strong></span> <span class='ocrx_word' id='word_1_152' title='bbox 1457 1367 1496 1400; x_wconf 91' lang='lat' dir='ltr'><strong>et</strong></span> <span class='ocrx_word' id='word_1_153' title='bbox 1517 1375 1612 1400; x_wconf 83' lang='lat' dir='ltr'><strong>mox</strong></span> <span class='ocrx_word' id='word_1_154' title='bbox 1628 1360 1791 1402; x_wconf 89' lang='lat' dir='ltr'><strong>dicendi</strong></span> <span class='ocrx_word' id='word_1_155' title='bbox 1819 1377 1984 1418; x_wconf 90' lang='lat' dir='ltr'><strong>quoque</strong></span> <span class='ocrx_word' id='word_1_156' title='bbox 2012 1365 2055 1403; x_wconf 92' lang='lat' dir='ltr'><strong>in</strong></span> <span class='ocrx_word' id='word_1_157' title='bbox 2078 1365 2168 1405; x_wconf 79' lang='lat' dir='ltr'><strong>foro</strong></span> 
     </span>
     <span class='ocr_line' id='line_1_17' title="bbox 257 1431 2169 1487; baseline 0.002 -14"><span class='ocrx_word' id='word_1_158' title='bbox 257 1432 543 1487; x_wconf 80' lang='lat' dir='ltr'><strong>Quintilianus</strong></span> <span class='ocrx_word' id='word_1_159' title='bbox 569 1431 725 1487; x_wconf 88' lang='lat' dir='ltr'><strong>duplici</strong></span> <span class='ocrx_word' id='word_1_160' title='bbox 758 1431 876 1472; x_wconf 86' lang='lat' dir='ltr'><strong>modo</strong></span> <span class='ocrx_word' id='word_1_161' title='bbox 908 1433 1118 1472; x_wconf 90' lang='lat' dir='ltr'><strong>hominum</strong></span> <span class='ocrx_word' id='word_1_162' title='bbox 1149 1433 1318 1472; x_wconf 87' lang='lat' dir='ltr'><strong>utilitati</strong></span> <span class='ocrx_word' id='word_1_163' title='bbox 1349 1446 1392 1472; x_wconf 92' lang='lat' dir='ltr'><strong>se</strong></span> <span class='ocrx_word' id='word_1_164' title='bbox 1426 1432 1758 1473; x_wconf 85' lang='lat' dir='ltr'><strong>accommodavit.</strong></span> <span class='ocrx_word' id='word_1_165' title='bbox 1835 1435 2018 1475; x_wconf 90' lang='lat' dir='ltr'><strong>Primum</strong></span> <span class='ocrx_word' id='word_1_166' title='bbox 2061 1437 2169 1476; x_wconf 87' lang='lat' dir='ltr'><strong>enim</strong></span> 
     </span>
     <span class='ocr_line' id='line_1_18' title="bbox 255 1502 2171 1555; baseline 0.002 -12"><span class='ocrx_word' id='word_1_167' title='bbox 255 1511 301 1543; x_wconf 92' lang='lat' dir='ltr'><strong>ut</strong></span> <span class='ocrx_word' id='word_1_168' title='bbox 332 1505 481 1545; x_wconf 88' lang='lat' dir='ltr'><strong>Cicero</strong></span> <span class='ocrx_word' id='word_1_169' title='bbox 512 1506 610 1544; x_wconf 90' lang='lat' dir='ltr'><strong>olim</strong></span> <span class='ocrx_word' id='word_1_170' title='bbox 639 1504 849 1555; x_wconf 88' lang='lat' dir='ltr'><strong>Caelium,</strong></span> <span class='ocrx_word' id='word_1_171' title='bbox 895 1506 1093 1554; x_wconf 80' lang='lat' dir='ltr'><strong>Pansam,</strong></span> <span class='ocrx_word' id='word_1_172' title='bbox 1142 1505 1348 1554; x_wconf 87' lang='lat' dir='ltr'><strong>Hirtium,</strong></span> <span class='ocrx_word' id='word_1_173' title='bbox 1393 1502 1672 1554; x_wconf 83' lang='lat' dir='ltr'><strong>Dolabellam,</strong></span> <span class='ocrx_word' id='word_1_174' title='bbox 1715 1503 1816 1544; x_wconf 89' lang='lat' dir='ltr'><strong>alios</strong></span> <span class='ocrx_word' id='word_1_175' title='bbox 1853 1504 1984 1546; x_wconf 88' lang='lat' dir='ltr'><strong>bonae</strong></span> <span class='ocrx_word' id='word_1_176' title='bbox 2021 1507 2171 1546; x_wconf 91' lang='lat' dir='ltr'><strong>mentis</strong></span> 
     </span>
     <span class='ocr_line' id='line_1_19' title="bbox 255 1573 2168 1630; baseline 0.001 -15"><span class='ocrx_word' id='word_1_177' title='bbox 255 1577 424 1617; x_wconf 83' lang='lat' dir='ltr'><strong>iuvenes</strong></span> <span class='ocrx_word' id='word_1_178' title='bbox 455 1578 498 1615; x_wconf 89' lang='lat' dir='ltr'><strong>in</strong></span> <span class='ocrx_word' id='word_1_179' title='bbox 529 1591 683 1616; x_wconf 87' lang='lat' dir='ltr'><strong>morem</strong></span> <span class='ocrx_word' id='word_1_180' title='bbox 715 1576 993 1629; x_wconf 88' lang='lat' dir='ltr'><strong>praeceptoris</strong></span> <span class='ocrx_word' id='word_1_181' title='bbox 1010 1582 1250 1614; x_wconf 83' lang='lat' dir='ltr'><strong>exercuerat</strong></span> <span class='ocrx_word' id='word_1_182' title='bbox 1278 1574 1462 1628; x_wconf 89' lang='lat' dir='ltr'><strong>quotidie</strong></span> <span class='ocrx_word' id='word_1_183' title='bbox 1481 1573 1621 1613; x_wconf 88' lang='lat' dir='ltr'><strong>dicens</strong></span> <span class='ocrx_word' id='word_1_184' title='bbox 1642 1574 1912 1629; x_wconf 85' lang='lat' dir='ltr'><strong>audiensque,</strong></span> <span class='ocrx_word' id='word_1_185' title='bbox 1944 1578 2004 1616; x_wconf 91' lang='lat' dir='ltr'><strong>sic</strong></span> <span class='ocrx_word' id='word_1_186' title='bbox 2025 1578 2168 1630; x_wconf 88' lang='lat' dir='ltr'><strong>etipse</strong></span> 
     </span>
     <span class='ocr_line' id='line_1_20' title="bbox 256 1643 2171 1699; baseline -0.001 -12"><span class='ocrx_word' id='word_1_187' title='bbox 256 1648 425 1689; x_wconf 89' lang='lat' dir='ltr'><strong>iuvenes</strong></span> <span class='ocrx_word' id='word_1_188' title='bbox 456 1648 521 1688; x_wconf 91' lang='lat' dir='ltr'><strong>sui</strong></span> <span class='ocrx_word' id='word_1_189' title='bbox 554 1645 759 1687; x_wconf 89' lang='lat' dir='ltr'><strong>studiosos</strong></span> <span class='ocrx_word' id='word_1_190' title='bbox 783 1660 829 1686; x_wconf 85' lang='lat' dir='ltr'><strong>ac</strong></span> <span class='ocrx_word' id='word_1_191' title='bbox 860 1659 995 1686; x_wconf 84' lang='lat' dir='ltr'><strong>veram</strong></span> <span class='ocrx_word' id='word_1_192' title='bbox 1029 1644 1192 1685; x_wconf 86' lang='lat' dir='ltr'><strong>dicendi</strong></span> <span class='ocrx_word' id='word_1_193' title='bbox 1223 1645 1330 1685; x_wconf 84' lang='lat' dir='ltr'><strong>viam</strong></span> <span class='ocrx_word' id='word_1_194' title='bbox 1358 1643 1471 1685; x_wconf 86' lang='lat' dir='ltr'><strong>velut</strong></span> <span class='ocrx_word' id='word_1_195' title='bbox 1498 1658 1548 1684; x_wconf 85' lang='lat' dir='ltr'><strong>ex</strong></span> <span class='ocrx_word' id='word_1_196' title='bbox 1570 1643 1737 1686; x_wconf 89' lang='lat' dir='ltr'><strong>oraculo</strong></span> <span class='ocrx_word' id='word_1_197' title='bbox 1762 1651 1948 1699; x_wconf 87' lang='lat' dir='ltr'><strong>petentes</strong></span> <span class='ocrx_word' id='word_1_198' title='bbox 1978 1645 2171 1686; x_wconf 83' lang='lat' dir='ltr'><strong>formavit</strong></span> 
     </span>
     <span class='ocr_line' id='line_1_21' title="bbox 256 1715 2170 1774; baseline -0.002 -15"><span class='ocrx_word' id='word_1_199' title='bbox 256 1721 374 1774; x_wconf 83' lang='lat' dir='ltr'><strong>quasi</strong></span> <span class='ocrx_word' id='word_1_200' title='bbox 406 1718 665 1773; x_wconf 90' lang='lat' dir='ltr'><strong>eloquentiae</strong></span> <span class='ocrx_word' id='word_1_201' title='bbox 694 1731 868 1771; x_wconf 88' lang='lat' dir='ltr'><strong>parens,</strong></span> <span class='ocrx_word' id='word_1_202' title='bbox 911 1731 995 1755; x_wconf 89' lang='lat' dir='ltr'><strong>non</strong></span> <span class='ocrx_word' id='word_1_203' title='bbox 1026 1715 1292 1755; x_wconf 90' lang='lat' dir='ltr'><strong>humanitatis</strong></span> <span class='ocrx_word' id='word_1_204' title='bbox 1324 1715 1455 1754; x_wconf 91' lang='lat' dir='ltr'><strong>solum</strong></span> <span class='ocrx_word' id='word_1_205' title='bbox 1482 1718 1688 1755; x_wconf 88' lang='lat' dir='ltr'><strong>communi</strong></span> <span class='ocrx_word' id='word_1_206' title='bbox 1719 1716 1867 1756; x_wconf 89' lang='lat' dir='ltr'><strong>ductus</strong></span> <span class='ocrx_word' id='word_1_207' title='bbox 1897 1715 2053 1767; x_wconf 89' lang='lat' dir='ltr'><strong>officio,</strong></span> <span class='ocrx_word' id='word_1_208' title='bbox 2097 1716 2170 1757; x_wconf 89' lang='lat' dir='ltr'><strong>sed</strong></span> 
     </span>
     <span class='ocr_line' id='line_1_22' title="bbox 257 1786 2169 1843; baseline -0.001 -14"><span class='ocrx_word' id='word_1_209' title='bbox 257 1805 393 1830; x_wconf 89' lang='lat' dir='ltr'><strong>amore</strong></span> <span class='ocrx_word' id='word_1_210' title='bbox 424 1789 602 1843; x_wconf 85' lang='lat' dir='ltr'><strong>quodam</strong></span> <span class='ocrx_word' id='word_1_211' title='bbox 631 1789 768 1842; x_wconf 81' lang='lat' dir='ltr'><strong>operis</strong></span> <span class='ocrx_word' id='word_1_212' title='bbox 795 1794 837 1827; x_wconf 91' lang='lat' dir='ltr'><strong>et</strong></span> <span class='ocrx_word' id='word_1_213' title='bbox 861 1786 1207 1835; x_wconf 87' lang='lat' dir='ltr'><strong>adolescentium,</strong></span> <span class='ocrx_word' id='word_1_214' title='bbox 1254 1800 1357 1840; x_wconf 89' lang='lat' dir='ltr'><strong>quos</strong></span> <span class='ocrx_word' id='word_1_215' title='bbox 1389 1800 1485 1825; x_wconf 91' lang='lat' dir='ltr'><strong>suos</strong></span> <span class='ocrx_word' id='word_1_216' title='bbox 1513 1801 1673 1839; x_wconf 87' lang='lat' dir='ltr'><strong>semper</strong></span> <span class='ocrx_word' id='word_1_217' title='bbox 1703 1787 1862 1839; x_wconf 85' lang='lat' dir='ltr'><strong>putavit</strong></span> <span class='ocrx_word' id='word_1_218' title='bbox 1884 1787 1934 1839; x_wconf 85' lang='lat'><strong>¹).</strong></span> <span class='ocrx_word' id='word_1_219' title='bbox 2009 1788 2169 1827; x_wconf 85' lang='lat' dir='ltr'><strong>Praeci-</strong></span> 
     </span>
     <span class='ocr_line' id='line_1_23' title="bbox 260 1854 2170 1914; baseline -0.001 -15"><span class='ocrx_word' id='word_1_220' title='bbox 260 1875 340 1914; x_wconf 87' lang='lat' dir='ltr'><strong>pue</strong></span> <span class='ocrx_word' id='word_1_221' title='bbox 371 1866 530 1909; x_wconf 86' lang='lat' dir='ltr'><strong>tamen,</strong></span> <span class='ocrx_word' id='word_1_222' title='bbox 577 1859 618 1898; x_wconf 92' lang='lat' dir='ltr'><strong>id</strong></span> <span class='ocrx_word' id='word_1_223' title='bbox 646 1857 756 1913; x_wconf 88' lang='lat' dir='ltr'><strong>quod</strong></span> <span class='ocrx_word' id='word_1_224' title='bbox 787 1858 937 1911; x_wconf 89' lang='lat' dir='ltr'><strong>cuique</strong></span> <span class='ocrx_word' id='word_1_225' title='bbox 968 1856 1118 1895; x_wconf 83' lang='lat' dir='ltr'><strong>oratori</strong></span> <span class='ocrx_word' id='word_1_226' title='bbox 1151 1854 1382 1895; x_wconf 84' lang='lat' dir='ltr'><strong>faciendum</strong></span> <span class='ocrx_word' id='word_1_227' title='bbox 1414 1857 1542 1895; x_wconf 90' lang='lat' dir='ltr'><strong>suasit</strong></span> <span class='ocrx_word' id='word_1_228' title='bbox 1563 1856 1622 1911; x_wconf 78' lang='lat'><strong>²),</strong></span> <span class='ocrx_word' id='word_1_229' title='bbox 1664 1857 1791 1897; x_wconf 90' lang='lat' dir='ltr'><strong>otium</strong></span> <span class='ocrx_word' id='word_1_230' title='bbox 1818 1871 1936 1896; x_wconf 91' lang='lat' dir='ltr'><strong>suum</strong></span> <span class='ocrx_word' id='word_1_231' title='bbox 1967 1857 2170 1898; x_wconf 90' lang='lat' dir='ltr'><strong>consolari</strong></span> 
     </span>
     <span class='ocr_line' id='line_1_24' title="bbox 257 1925 2169 1984; baseline -0.001 -15"><span class='ocrx_word' id='word_1_232' title='bbox 257 1929 415 1969; x_wconf 88' lang='lat' dir='ltr'><strong>studuit</strong></span> <span class='ocrx_word' id='word_1_233' title='bbox 444 1928 692 1984; x_wconf 88' lang='lat' dir='ltr'><strong>inquirendo</strong></span> <span class='ocrx_word' id='word_1_234' title='bbox 721 1925 1023 1980; x_wconf 90' lang='lat' dir='ltr'><strong>scribendoque</strong></span> <span class='ocrx_word' id='word_1_235' title='bbox 1053 1925 1174 1976; x_wconf 86' lang='lat' dir='ltr'><strong>talia,</strong></span> <span class='ocrx_word' id='word_1_236' title='bbox 1209 1940 1314 1980; x_wconf 88' lang='lat' dir='ltr'><strong>quae</strong></span> <span class='ocrx_word' id='word_1_237' title='bbox 1339 1925 1476 1965; x_wconf 84' lang='lat' dir='ltr'><strong>futura</strong></span> <span class='ocrx_word' id='word_1_238' title='bbox 1503 1928 1596 1966; x_wconf 88' lang='lat' dir='ltr'><strong>usui</strong></span> <span class='ocrx_word' id='word_1_239' title='bbox 1624 1926 1755 1967; x_wconf 87' lang='lat' dir='ltr'><strong>honae</strong></span> <span class='ocrx_word' id='word_1_240' title='bbox 1778 1928 1926 1967; x_wconf 90' lang='lat' dir='ltr'><strong>mentis</strong></span> <span class='ocrx_word' id='word_1_241' title='bbox 1950 1927 2169 1968; x_wconf 85' lang='lat' dir='ltr'><strong>iuvenibus</strong></span> 
     </span>
     <span class='ocr_line' id='line_1_25' title="bbox 256 1997 1119 2053; baseline -0.007 -11"><span class='ocrx_word' id='word_1_242' title='bbox 256 1999 553 2050; x_wconf 87' lang='lat' dir='ltr'><strong>arbitrabatur,</strong></span> <span class='ocrx_word' id='word_1_243' title='bbox 593 2000 670 2053; x_wconf 86' lang='lat' dir='ltr'><strong>ipsi</strong></span> <span class='ocrx_word' id='word_1_244' title='bbox 702 2004 819 2039; x_wconf 87' lang='lat' dir='ltr'><strong>erant</strong></span> <span class='ocrx_word' id='word_1_245' title='bbox 847 1997 1045 2051; x_wconf 88' lang='lat' dir='ltr'><strong>voluptati</strong></span> <span class='ocrx_word' id='word_1_246' title='bbox 1066 1997 1119 2049; x_wconf 84' lang='grc'><strong>3).</strong></span> 
     </span>
    </p>

    <p class='ocr_par' dir='ltr' id='par_1_5' title="bbox 258 2066 2167 2341">
     <span class='ocr_line' id='line_1_26' title="bbox 448 2066 2166 2127; baseline 0 -17"><span class='ocrx_word' id='word_1_247' title='bbox 448 2070 587 2127; x_wconf 83' lang='lat' dir='ltr'><strong>Atque</strong></span> <span class='ocrx_word' id='word_1_248' title='bbox 611 2070 788 2124; x_wconf 86' lang='lat' dir='ltr'><strong>primum</strong></span> <span class='ocrx_word' id='word_1_249' title='bbox 810 2067 977 2125; x_wconf 87' lang='lat' dir='ltr'><strong>quidem</strong></span> <span class='ocrx_word' id='word_1_250' title='bbox 1003 2068 1168 2123; x_wconf 87' lang='lat' dir='ltr'><strong>scripsit</strong></span> <span class='ocrx_word' id='word_1_251' title='bbox 1194 2066 1347 2108; x_wconf 85' lang='lat' dir='ltr'><strong>librum</strong></span> <span class='ocrx_word' id='word_1_252' title='bbox 1378 2067 1427 2109; x_wconf 88' lang='lat' dir='ltr'><strong>de</strong></span> <span class='ocrx_word' id='word_1_253' title='bbox 1458 2070 1612 2110; x_wconf 88' lang='lat' dir='ltr'><strong>caussis</strong></span> <span class='ocrx_word' id='word_1_254' title='bbox 1643 2074 1858 2124; x_wconf 87' lang='lat' dir='ltr'><strong>corruptae</strong></span> <span class='ocrx_word' id='word_1_255' title='bbox 1888 2067 2166 2125; x_wconf 84' lang='lat' dir='ltr'><strong>eloquentiae,</strong></span> 
     </span>
     <span class='ocr_line' id='line_1_27' title="bbox 258 2140 2166 2198; baseline -0.001 -16"><span class='ocrx_word' id='word_1_256' title='bbox 258 2157 382 2198; x_wconf 85' lang='lat' dir='ltr'><strong>quem</strong></span> <span class='ocrx_word' id='word_1_257' title='bbox 413 2149 509 2182; x_wconf 88' lang='lat' dir='ltr'><strong>suut</strong></span> <span class='ocrx_word' id='word_1_258' title='bbox 539 2143 610 2196; x_wconf 91' lang='lat' dir='ltr'><strong>qui</strong></span> <span class='ocrx_word' id='word_1_259' title='bbox 640 2141 772 2190; x_wconf 80' lang='lat' dir='ltr'><strong>falso,</strong></span> <span class='ocrx_word' id='word_1_260' title='bbox 820 2148 866 2180; x_wconf 92' lang='lat' dir='ltr'><strong>ut</strong></span> <span class='ocrx_word' id='word_1_261' title='bbox 894 2140 1126 2181; x_wconf 88' lang='lat' dir='ltr'><strong>videbimus</strong></span> <span class='ocrx_word' id='word_1_262' title='bbox 1154 2142 1197 2179; x_wconf 89' lang='lat' dir='ltr'><strong>in</strong></span> <span class='ocrx_word' id='word_1_263' title='bbox 1234 2140 1360 2180; x_wconf 90' lang='lat' dir='ltr'><strong>altera</strong></span> <span class='ocrx_word' id='word_1_264' title='bbox 1401 2140 1525 2180; x_wconf 88' lang='lat' dir='ltr'><strong>huius</strong></span> <span class='ocrx_word' id='word_1_265' title='bbox 1566 2142 1852 2195; x_wconf 88' lang='lat' dir='ltr'><strong>disputationis</strong></span> <span class='ocrx_word' id='word_1_266' title='bbox 1892 2147 2030 2194; x_wconf 85' lang='lat' dir='ltr'><strong>parte,</strong></span> <span class='ocrx_word' id='word_1_267' title='bbox 2074 2155 2166 2181; x_wconf 86' lang='lat' dir='ltr'><strong>cum</strong></span> 
     </span>
     <span class='ocr_line' id='line_1_28' title="bbox 258 2211 2167 2270; baseline -0.001 -15"><span class='ocrx_word' id='word_1_268' title='bbox 258 2215 424 2270; x_wconf 85' lang='lat' dir='ltr'><strong>dialogo</strong></span> <span class='ocrx_word' id='word_1_269' title='bbox 456 2215 505 2255; x_wconf 89' lang='lat' dir='ltr'><strong>de</strong></span> <span class='ocrx_word' id='word_1_270' title='bbox 536 2213 768 2255; x_wconf 90' lang='lat' dir='ltr'><strong>oratoribus</strong></span> <span class='ocrx_word' id='word_1_271' title='bbox 800 2214 943 2254; x_wconf 91' lang='lat' dir='ltr'><strong>Tacito</strong></span> <span class='ocrx_word' id='word_1_272' title='bbox 974 2214 1216 2267; x_wconf 90' lang='lat' dir='ltr'><strong>plerumque</strong></span> <span class='ocrx_word' id='word_1_273' title='bbox 1247 2211 1451 2266; x_wconf 87' lang='lat' dir='ltr'><strong>adscripto</strong></span> <span class='ocrx_word' id='word_1_274' title='bbox 1491 2213 1664 2254; x_wconf 88' lang='lat' dir='ltr'><strong>eundem</strong></span> <span class='ocrx_word' id='word_1_275' title='bbox 1703 2214 1937 2268; x_wconf 83' lang='lat' dir='ltr'><strong>putaverint</strong></span> <span class='ocrx_word' id='word_1_276' title='bbox 1958 2212 2008 2270; x_wconf 77' lang='lat'><strong>⁴).</strong></span> <span class='ocrx_word' id='word_1_277' title='bbox 2085 2213 2167 2254; x_wconf 84' lang='lat' dir='ltr'><strong>Sed</strong></span> 
     </span>
     <span class='ocr_line' id='line_1_29' title="bbox 258 2282 2165 2341; baseline -0.001 -16"><span class='ocrx_word' id='word_1_278' title='bbox 258 2285 364 2326; x_wconf 89' lang='lat' dir='ltr'><strong>nihil</strong></span> <span class='ocrx_word' id='word_1_279' title='bbox 406 2286 497 2327; x_wconf 88' lang='lat' dir='ltr'><strong>cius</strong></span> <span class='ocrx_word' id='word_1_280' title='bbox 540 2283 661 2325; x_wconf 82' lang='lat' dir='ltr'><strong>hodie</strong></span> <span class='ocrx_word' id='word_1_281' title='bbox 699 2290 831 2325; x_wconf 84' lang='lat' dir='ltr'><strong>exstat</strong></span> <span class='ocrx_word' id='word_1_282' title='bbox 869 2290 1029 2338; x_wconf 88' lang='lat' dir='ltr'><strong>praeter</strong></span> <span class='ocrx_word' id='word_1_283' title='bbox 1059 2282 1223 2324; x_wconf 90' lang='lat' dir='ltr'><strong>titulum</strong></span> <span class='ocrx_word' id='word_1_284' title='bbox 1252 2289 1291 2324; x_wconf 90' lang='lat' dir='ltr'><strong>et</strong></span> <span class='ocrx_word' id='word_1_285' title='bbox 1321 2284 1432 2325; x_wconf 88' lang='lat' dir='ltr'><strong>locos</strong></span> <span class='ocrx_word' id='word_1_286' title='bbox 1459 2284 1657 2341; x_wconf 85' lang='lat' dir='ltr'><strong>quosdam</strong></span> <span class='ocrx_word' id='word_1_287' title='bbox 1690 2286 1733 2325; x_wconf 88' lang='lat' dir='ltr'><strong>in</strong></span> <span class='ocrx_word' id='word_1_288' title='bbox 1764 2283 1882 2325; x_wconf 85' lang='lat' dir='ltr'><strong>libris</strong></span> <span class='ocrx_word' id='word_1_289' title='bbox 1913 2284 1962 2327; x_wconf 92' lang='lat' dir='ltr'><strong>de</strong></span> <span class='ocrx_word' id='word_1_290' title='bbox 1993 2284 2165 2327; x_wconf 81' lang='lat' dir='ltr'><strong>oratoria</strong></span> 
     </span>
    </p>
   </div>
   <div class='ocr_carea' id='block_1_5' title="bbox 316 2399 565 2405">
    <p class='ocr_par' dir='ltr' id='par_1_6' title="bbox 316 2399 565 2405">
     <span class='ocr_line' id='line_1_30' title="bbox 316 2399 565 2405; baseline 0 0"><span class='ocrx_word' id='word_1_291' title='bbox 316 2399 565 2405; x_wconf 95' lang='lat' dir='ltr'><strong> </strong></span> 
     </span>
    </p>
   </div>
   <div class='ocr_carea' id='block_1_6' title="bbox 566 2399 685 2404">
    <p class='ocr_par' dir='ltr' id='par_1_7' title="bbox 566 2399 685 2404">
     <span class='ocr_line' id='line_1_31' title="bbox 566 2399 685 2404; baseline 0 0"><span class='ocrx_word' id='word_1_292' title='bbox 566 2399 685 2404; x_wconf 95' lang='lat' dir='ltr'><strong> </strong></span> 
     </span>
    </p>
   </div>
   <div class='ocr_carea' id='block_1_7' title="bbox 284 2456 2165 2759">
    <p class='ocr_par' dir='ltr' id='par_1_8' title="bbox 284 2456 1542 2495">
     <span class='ocr_line' id='line_1_32' title="bbox 284 2456 1542 2495; baseline -0.005 -6"><span class='ocrx_word' id='word_1_293' title='bbox 284 2463 334 2494; x_wconf 67' lang='grc'><strong>31)</strong></span> <span class='ocrx_word' id='word_1_294' title='bbox 377 2460 441 2488; x_wconf 89' lang='lat' dir='ltr'><strong>Dio</strong></span> <span class='ocrx_word' id='word_1_295' title='bbox 463 2458 549 2488; x_wconf 78' lang='lat' dir='ltr'><strong>Cass.</strong></span> <span class='ocrx_word' id='word_1_296' title='bbox 572 2459 629 2495; x_wconf 70' lang='grc' dir='ltr'><strong>(ξὸ,</strong></span> <span class='ocrx_word' id='word_1_297' title='bbox 653 2459 700 2487; x_wconf 84' lang='grc'><strong>15.</strong></span> <span class='ocrx_word' id='word_1_298' title='bbox 726 2459 768 2487; x_wconf 84' lang='grc'><strong>18.</strong></span> <span class='ocrx_word' id='word_1_299' title='bbox 813 2458 901 2487; x_wconf 73' lang='lat' dir='ltr'><strong>Suet.</strong></span> <span class='ocrx_word' id='word_1_300' title='bbox 924 2456 988 2485; x_wconf 78' lang='lat' dir='ltr'><strong>Tit.</strong></span> <span class='ocrx_word' id='word_1_301' title='bbox 1015 2459 1123 2494; x_wconf 81' lang='lat' dir='ltr'><strong>cap.7.</strong></span> <span class='ocrx_word' id='word_1_302' title='bbox 1167 2457 1207 2487; x_wconf 79' lang='lat' dir='ltr'><strong>cr.</strong></span> <span class='ocrx_word' id='word_1_303' title='bbox 1229 2456 1349 2485; x_wconf 87' lang='lat' dir='ltr'><strong>Dodw.</strong></span> <span class='ocrx_word' id='word_1_304' title='bbox 1376 2456 1434 2485; x_wconf 92' lang='lat' dir='ltr'><strong>l.c.</strong></span> <span class='ocrx_word' id='word_1_305' title='bbox 1456 2457 1542 2492; x_wconf 79' lang='lat'>§.1:3.</span> 
     </span>
    </p>

    <p class='ocr_par' dir='ltr' id='par_1_9' title="bbox 306 2509 1249 2547">
     <span class='ocr_line' id='line_1_33' title="bbox 306 2509 1249 2547; baseline -0.003 -7"><span class='ocrx_word' id='word_1_306' title='bbox 306 2514 334 2547; x_wconf 95' lang='lat' dir='ltr'><strong>l)</strong></span> <span class='ocrx_word' id='word_1_307' title='bbox 374 2512 450 2540; x_wconf 68' lang='lat' dir='ltr'><strong>inst.</strong></span> <span class='ocrx_word' id='word_1_308' title='bbox 472 2515 552 2538; x_wconf 81' lang='lat' dir='ltr'><strong>orat.</strong></span> <span class='ocrx_word' id='word_1_309' title='bbox 580 2509 633 2543; x_wconf 87' lang='lat'><strong>12,</strong></span> <span class='ocrx_word' id='word_1_310' title='bbox 660 2510 710 2542; x_wconf 91' lang='lat' dir='ltr'><strong>ll,</strong></span> <span class='ocrx_word' id='word_1_311' title='bbox 732 2510 749 2536; x_wconf 86' lang='lat'>5</span> <span class='ocrx_word' id='word_1_312' title='bbox 770 2516 839 2545; x_wconf 87' lang='lat' dir='ltr'><strong>sqq.</strong></span> <span class='ocrx_word' id='word_1_313' title='bbox 882 2509 912 2543; x_wconf 89' lang='grc'><strong>7,</strong></span> <span class='ocrx_word' id='word_1_314' title='bbox 934 2509 972 2543; x_wconf 87' lang='grc'><strong>3,</strong></span> <span class='ocrx_word' id='word_1_315' title='bbox 993 2509 1040 2538; x_wconf 83' lang='grc'><strong>30.</strong></span> <span class='ocrx_word' id='word_1_316' title='bbox 1081 2510 1118 2543; x_wconf 89' lang='grc'><strong>3,</strong></span> <span class='ocrx_word' id='word_1_317' title='bbox 1141 2510 1178 2545; x_wconf 86' lang='grc'><strong>8,</strong></span> <span class='ocrx_word' id='word_1_318' title='bbox 1200 2509 1249 2539; x_wconf 83' lang='grc'><strong>70.</strong></span> 
     </span>
    </p>

    <p class='ocr_par' dir='ltr' id='par_1_10' title="bbox 306 2556 1710 2598">
     <span class='ocr_line' id='line_1_34' title="bbox 306 2556 1710 2598; baseline -0.002 -4"><span class='ocrx_word' id='word_1_319' title='bbox 306 2567 338 2598; x_wconf 74' lang='lat'><strong>⁴2)</strong></span> <span class='ocrx_word' id='word_1_320' title='bbox 381 2564 457 2593; x_wconf 73' lang='lat' dir='ltr'><strong>inst.</strong></span> <span class='ocrx_word' id='word_1_321' title='bbox 481 2570 559 2592; x_wconf 68' lang='lat' dir='ltr'><strong>orat.</strong></span> <span class='ocrx_word' id='word_1_322' title='bbox 586 2564 639 2596; x_wconf 74' lang='lat'><strong>12,</strong></span> <span class='ocrx_word' id='word_1_323' title='bbox 665 2564 718 2596; x_wconf 83' lang='lat'><strong>11,</strong></span> <span class='ocrx_word' id='word_1_324' title='bbox 739 2564 767 2591; x_wconf 59' lang='grc'><strong>4,</strong></span> <span class='ocrx_word' id='word_1_325' title='bbox 1252 2564 1283 2595; x_wconf 82' lang='grc'><strong>3)</strong></span> <span class='ocrx_word' id='word_1_326' title='bbox 1326 2563 1403 2591; x_wconf 70' lang='lat' dir='ltr'><strong>inst.</strong></span> <span class='ocrx_word' id='word_1_327' title='bbox 1424 2556 1503 2592; x_wconf 77' lang='lat' dir='ltr'><strong>orat&#39;.</strong></span> <span class='ocrx_word' id='word_1_328' title='bbox 1524 2564 1560 2598; x_wconf 83' lang='lat'><strong>2,</strong></span> <span class='ocrx_word' id='word_1_329' title='bbox 1585 2565 1636 2597; x_wconf 81' lang='lat'><strong>12,</strong></span> <span class='ocrx_word' id='word_1_330' title='bbox 1664 2564 1710 2591; x_wconf 81' lang='lat'><strong>12.</strong></span> 
     </span>
    </p>

    <p class='ocr_par' dir='ltr' id='par_1_11' title="bbox 308 2612 2165 2759">
     <span class='ocr_line' id='line_1_35' title="bbox 308 2612 2165 2653; baseline -0.001 -8"><span class='ocrx_word' id='word_1_331' title='bbox 308 2616 339 2645; x_wconf 69' lang='lat' dir='ltr'><strong>l)</strong></span> <span class='ocrx_word' id='word_1_332' title='bbox 382 2614 506 2653; x_wconf 81' lang='lat' dir='ltr'><strong>Lange,</strong></span> <span class='ocrx_word' id='word_1_333' title='bbox 541 2614 701 2652; x_wconf 78' lang='lat' dir='ltr'><strong>Dialogus</strong></span> <span class='ocrx_word' id='word_1_334' title='bbox 730 2613 770 2644; x_wconf 89' lang='lat' dir='ltr'><strong>de</strong></span> <span class='ocrx_word' id='word_1_335' title='bbox 802 2613 983 2645; x_wconf 78' lang='lat' dir='ltr'><strong>oratoribus</strong></span> <span class='ocrx_word' id='word_1_336' title='bbox 1008 2614 1121 2645; x_wconf 72' lang='lat' dir='ltr'><strong>Tacito</strong></span> <span class='ocrx_word' id='word_1_337' title='bbox 1150 2614 1338 2645; x_wconf 83' lang='lat' dir='ltr'><strong>vindicatus.</strong></span> <span class='ocrx_word' id='word_1_338' title='bbox 1393 2612 1443 2644; x_wconf 89' lang='lat' dir='ltr'><strong>Cf.</strong></span> <span class='ocrx_word' id='word_1_339' title='bbox 1464 2613 1499 2644; x_wconf 88' lang='lat' dir='ltr'><strong>C.</strong></span> <span class='ocrx_word' id='word_1_340' title='bbox 1523 2612 1671 2644; x_wconf 86' lang='lat' dir='ltr'><strong>Cornelii</strong></span> <span class='ocrx_word' id='word_1_341' title='bbox 1693 2612 1797 2644; x_wconf 82' lang='lat' dir='ltr'><strong>Taciti</strong></span> <span class='ocrx_word' id='word_1_342' title='bbox 1826 2613 1902 2645; x_wconf 83' lang='lat' dir='ltr'><strong>dial.</strong></span> <span class='ocrx_word' id='word_1_343' title='bbox 1927 2614 1968 2646; x_wconf 84' lang='lat' dir='ltr'><strong>de</strong></span> <span class='ocrx_word' id='word_1_344' title='bbox 1989 2622 2080 2647; x_wconf 72' lang='lat' dir='ltr'><strong>orati.</strong></span> <span class='ocrx_word' id='word_1_345' title='bbox 2102 2624 2165 2645; x_wconf 85' lang='lat' dir='ltr'><strong>rec.</strong></span> 
     </span>
     <span class='ocr_line' id='line_1_36' title="bbox 378 2667 2162 2707; baseline 0 -10"><span class='ocrx_word' id='word_1_346' title='bbox 378 2667 531 2702; x_wconf 82' lang='lat' dir='ltr'><strong>Dronke.</strong></span> <span class='ocrx_word' id='word_1_347' title='bbox 566 2668 714 2707; x_wconf 79' lang='lat' dir='ltr'><strong>prolegg.</strong></span> <span class='ocrx_word' id='word_1_348' title='bbox 748 2678 778 2706; x_wconf 92' lang='lat' dir='ltr'><strong>p.</strong></span> <span class='ocrx_word' id='word_1_349' title='bbox 802 2669 885 2699; x_wconf 85' lang='lat' dir='ltr'><strong>XVI</strong></span> <span class='ocrx_word' id='word_1_350' title='bbox 906 2679 976 2707; x_wconf 82' lang='lat' dir='ltr'><strong>sqq.</strong></span> <span class='ocrx_word' id='word_1_351' title='bbox 1027 2669 1094 2699; x_wconf 83' lang='lat' dir='ltr'><strong>Alii</strong></span> <span class='ocrx_word' id='word_1_352' title='bbox 1116 2669 1260 2699; x_wconf 87' lang='lat' dir='ltr'><strong>Plinium</strong></span> <span class='ocrx_word' id='word_1_353' title='bbox 1287 2668 1442 2698; x_wconf 85' lang='lat' dir='ltr'><strong>minorem</strong></span> <span class='ocrx_word' id='word_1_354' title='bbox 1468 2669 1537 2698; x_wconf 89' lang='lat' dir='ltr'><strong>eius</strong></span> <span class='ocrx_word' id='word_1_355' title='bbox 1563 2668 1640 2697; x_wconf 86' lang='lat' dir='ltr'><strong>libri</strong></span> <span class='ocrx_word' id='word_1_356' title='bbox 1668 2674 1827 2698; x_wconf 83' lang='lat' dir='ltr'><strong>auctorem</strong></span> <span class='ocrx_word' id='word_1_357' title='bbox 1856 2669 2055 2705; x_wconf 79' lang='lat' dir='ltr'><strong>existimant;</strong></span> <span class='ocrx_word' id='word_1_358' title='bbox 2099 2668 2162 2697; x_wconf 88' lang='lat' dir='ltr'><strong>vid.</strong></span> 
     </span>
     <span class='ocr_line' id='line_1_37' title="bbox 379 2719 2035 2759; baseline 0 -10"><span class='ocrx_word' id='word_1_359' title='bbox 379 2720 599 2756; x_wconf 79' lang='lat' dir='ltr'><strong>Kramarczik,</strong></span> <span class='ocrx_word' id='word_1_360' title='bbox 621 2719 807 2751; x_wconf 74' lang='lat' dir='ltr'><strong>dissertatio</strong></span> <span class='ocrx_word' id='word_1_361' title='bbox 828 2720 868 2750; x_wconf 91' lang='lat' dir='ltr'><strong>de</strong></span> <span class='ocrx_word' id='word_1_362' title='bbox 888 2721 923 2751; x_wconf 87' lang='lat' dir='ltr'><strong>C.</strong></span> <span class='ocrx_word' id='word_1_363' title='bbox 946 2721 1089 2751; x_wconf 81' lang='lat' dir='ltr'><strong>Caecilio</strong></span> <span class='ocrx_word' id='word_1_364' title='bbox 1111 2721 1223 2751; x_wconf 87' lang='lat' dir='ltr'><strong>Plinio</strong></span> <span class='ocrx_word' id='word_1_365' title='bbox 1244 2722 1372 2751; x_wconf 86' lang='lat' dir='ltr'><strong>Minore</strong></span> <span class='ocrx_word' id='word_1_366' title='bbox 1394 2720 1527 2759; x_wconf 75' lang='lat' dir='ltr'><strong>Dialogi</strong></span> <span class='ocrx_word' id='word_1_367' title='bbox 1549 2720 1590 2750; x_wconf 88' lang='lat' dir='ltr'><strong>de</strong></span> <span class='ocrx_word' id='word_1_368' title='bbox 1612 2720 1794 2751; x_wconf 79' lang='lat' dir='ltr'><strong>oratoribus</strong></span> <span class='ocrx_word' id='word_1_369' title='bbox 1812 2727 1942 2752; x_wconf 76' lang='lat' dir='ltr'><strong>auctore</strong></span> <span class='ocrx_word' id='word_1_370' title='bbox 1963 2730 1995 2758; x_wconf 88' lang='lat' dir='ltr'><strong>p.</strong></span> <span class='ocrx_word' id='word_1_371' title='bbox 2006 2721 2035 2750; x_wconf 79' lang='grc'><strong>3.</strong></span> 
     </span>
    </p>
   </div>
  </div>
 </body>
</html>
