2417 3023
1052 104 1343 146 —27-

242 223 498 264 institutione
528 221 623 262 inde
653 222 850 277 allegatos
871 222 925 278 ⁵).
990 221 1149 262 Deinde
1179 229 1313 262 autem
1343 221 1573 275 composuit
1601 219 1841 270 duodecim,
1885 234 1990 274 quos
2017 222 2149 263 adhuc

241 305 453 345 tenemus,
493 294 619 335 libros
647 294 697 335 de
727 295 984 335 institutione
1015 293 1215 344 oratoria,
1252 307 1355 347 opus
1383 290 1660 347 praeclarum,
1704 289 1915 331 literarum
1946 292 2145 342 omnium,

244 380 325 406 non
352 366 474 406 unius
505 364 625 406 modo
650 365 792 406 aetatis
823 363 963 403 decus.
1039 363 1218 403 Tantum
1260 363 1369 402 enim
1404 361 1573 413 aberat,
1618 369 1664 402 ut
1697 363 1907 419 vulgarem
1947 365 2053 403 viam
2086 364 2147 403 in-

243 451 408 492 gressus
438 437 611 477 aliorum
644 436 807 475 demum
847 434 1033 488 vestigiis
1063 434 1293 484 insisteret,
1337 435 1409 488 qui
1444 441 1571 474 artem
1611 435 1756 474 orandi
1794 435 1924 475 literis
1958 435 2148 475 tradituri

242 510 297 549 ita
340 506 684 556 exordiebantur,
730 505 846 560 quasi
884 503 1077 558 perfectis
1119 505 1230 545 omni
1270 504 1353 545 alio
1387 520 1540 560 genere
1577 505 1785 546 doctrinae
1821 520 2019 546 summam
2051 506 2148 547 inde

241 577 498 633 eloquentiae
524 590 687 615 manum
719 576 999 629 imponerent,
1053 582 1098 615 ut
1128 589 1231 615 nova
1259 589 1306 614 ac
1335 575 1517 628 pleniore
1548 575 1670 615 simul
1701 577 1802 616 inita
1832 578 1987 616 ratione
2018 576 2146 617 libros

242 664 339 690 snos
374 648 425 688 ab
455 649 555 701 ipsis
587 647 769 688 discendi
799 648 911 686 velut
937 646 1200 687 incunabulis
1228 660 1302 698 per
1332 660 1498 696 omnes,
1532 661 1636 700 quae
1669 646 1788 687 modo
1813 646 1972 702 aliquid
1996 648 2146 688 oratori

242 718 381 757 futuro
412 716 670 764 conferrent,
713 722 821 755 artes
851 714 901 754 ad
929 728 1128 755 summam
1158 717 1246 756 eius
1276 717 1412 770 operis
1438 716 1681 771 perduceret
1698 719 1752 771 ⁶).
1815 718 1861 758 Si
1892 733 2033 758 verum
2066 726 2143 770 est,

241 790 352 845 quod
397 790 482 830 fere
526 795 694 830 censent
726 788 803 826 viri
844 786 979 839 docti,
1030 787 1174 828 orandi
1210 796 1338 829 artem
1372 791 1553 830 omnium
1593 790 1800 831 literarum
1836 806 2034 832 summam
2074 792 2144 832 illa

240 868 368 902 aetate
408 860 586 902 habitam
623 873 736 910 esse,
782 857 931 899 librum
964 857 1212 912 Quintiliani
1250 860 1601 918 encyclopaediam
1634 862 1948 918 paedagogicam
1979 877 2054 918 pro
2083 878 2144 903 ra-

240 935 350 974 tione
381 934 544 973 illorum
573 939 798 987 temporum
830 933 928 972 satis
958 931 1182 972 absolutam
1222 941 1329 974 recte
1360 933 1676 973 nominabimus.
1752 934 1835 974 Sed
1871 933 1970 974 illuc
2005 935 2144 975 redea-

241 1018 332 1044 mus
364 1018 497 1044 veram
529 1003 625 1042 libri
652 1003 828 1042 indolem
860 1003 941 1042 alio
972 1010 1154 1057 tempore
1185 1006 1426 1058 exposituri.

430 1074 678 1115 Scribendae
709 1076 978 1115 institutionis
1009 1089 1147 1114 ansam
1179 1074 1382 1115 dederunt
1409 1074 1674 1115 familiarium
1707 1076 1878 1115 maxime
1905 1076 2144 1130 postulatio-

241 1161 339 1196 nes,
374 1147 445 1200 qui
475 1161 527 1186 ex
557 1146 729 1185 diversis
762 1148 944 1199 priorum
975 1143 1241 1200 opinionibus
1271 1152 1311 1185 et
1341 1144 1586 1200 quibusdam
1619 1146 1740 1185 ctiam
1773 1146 1880 1185 inter
1908 1162 1951 1186 se
1986 1154 2143 1187 contra·

240 1218 313 1256 riis
349 1231 452 1272 quas
482 1218 562 1256 sibi
593 1217 793 1271 eligerent
831 1217 957 1256 nescii
988 1216 1273 1269 Quintiliano,
1317 1217 1351 1255 si
1389 1230 1470 1256 non
1508 1216 1746 1255 inveniendi
1786 1231 1915 1267 nova,
1957 1225 1997 1257 at
2035 1225 2143 1258 certe

239 1288 447 1328 iudicandi
479 1288 529 1327 de
564 1288 770 1328 veteribus
808 1289 1025 1342 iniungere
1065 1288 1242 1329 laborem
1282 1302 1363 1326 non
1406 1287 1558 1326 iniuste
1597 1286 1675 1325 sibi
1720 1287 1977 1328 videbantur.
2059 1289 2143 1328 Diu

238 1360 403 1416 quidem
446 1359 668 1400 reluctatus
711 1366 819 1410 erat,
868 1359 979 1414 quod
1014 1367 1198 1401 auctores
1239 1361 1451 1416 utriusque
1487 1360 1654 1415 linguae
1691 1359 1906 1400 clarissimi
1937 1359 2063 1401 multa
2095 1359 2145 1401 de

239 1433 394 1472 ratione
425 1431 588 1472 dicendi
627 1431 844 1486 diligenter
880 1432 1028 1485 scripta
1072 1431 1337 1487 reliquissent
1377 1433 1577 1487 posteris3
1623 1430 1694 1472 sed
1734 1432 1885 1472 frustra
1922 1431 2143 1473 reluctatus

238 1511 350 1553 erat,
397 1519 523 1558 quum
563 1504 693 1557 magis
734 1505 853 1542 etiam
890 1503 1174 1557 deprecatione
1203 1507 1361 1545 animos
1392 1520 1532 1545 eorum
1570 1503 1824 1545 accenderet.
1897 1502 1979 1544 Sed
2016 1519 2144 1558 quum

240 1576 371 1614 victus
411 1574 574 1614 tandem
611 1581 719 1615 esset
754 1589 837 1614 non
878 1582 957 1615 tam
998 1575 1259 1629 praestandi,
1319 1583 1364 1616 ut
1404 1578 1488 1625 ait,
1547 1576 1658 1630 quod
1695 1573 1936 1629 exigebatur
1972 1573 2140 1625 fiducia,

239 1659 358 1700 quam
399 1643 577 1700 negandi
619 1643 891 1695 verecundia,
952 1644 1046 1700 plus
1086 1660 1208 1701 quam
1253 1646 1538 1700 imponebatur
1580 1647 1717 1686 oneris
1761 1652 1906 1699 sponte
1943 1647 2139 1700 suscepit.

241 1717 452 1756 Praeterea
484 1716 587 1756 illud
618 1731 781 1771 quoque
817 1716 868 1755 ad
904 1715 1163 1756 scribendum
1191 1710 1296 1756 ¹eum
1334 1717 1552 1771 perduxit,
1598 1717 1710 1772 quod
1740 1717 1822 1757 duo
1851 1718 1931 1757 iam
1961 1716 2039 1757 sub
2069 1727 2142 1758 no·

240 1787 349 1826 mine
380 1788 469 1826 eius
501 1786 594 1826 libri
630 1786 868 1826 ferebantur
898 1788 996 1827 artis
1028 1786 1275 1838 rhetoricae,
1326 1802 1459 1842 neque
1490 1787 1588 1827 editi
1618 1786 1669 1826 ab
1701 1801 1772 1837 eo,
1824 1801 1958 1842 neque
1989 1788 2030 1827 in
2063 1787 2140 1828 hoc

239 1858 474 1912 comparati.
538 1857 726 1912 Namque
757 1855 954 1907 alterum,
988 1871 1215 1896 sermonem
1248 1874 1321 1912 per
1358 1858 1528 1897 biduum
1559 1856 1767 1905 habitum,
1809 1859 1950 1911 pueri,
1990 1859 2141 1914 quibus

239 1928 281 1968 id
310 1927 616 1983 praestabatur,
648 1934 916 1982 exeeperant3
948 1926 1119 1967 alterum
1152 1926 1339 1981 pluribus
1370 1943 1467 1967 sane
1499 1927 1664 1977 diebus,
1699 1935 1896 1982 quantum
1924 1928 2141 1971 scribendo

240 2002 436 2056 consequi
467 2006 706 2055 potuerant,
753 2001 1020 2054 interceptum
1050 1999 1136 2038 bini
1168 1999 1360 2050 iuvenes,
1404 1998 1475 2039 sed
1508 1999 1677 2039 nimium
1709 2005 1889 2039 amantes
1921 2000 2032 2049 eius,
2081 2007 2139 2041 te·

240 2072 414 2111 met-ario
443 2071 634 2111 editionis
664 2071 820 2111 honore
848 2070 1126 2126 vulgaverant.
1203 2069 1268 2108 Ne
1301 2071 1397 2124 quis
1428 2071 1555 2124 igitur
1585 2070 1726 2109 falsam
1754 2069 1803 2109 de
1834 2084 1877 2109 se
1907 2071 2140 2123 conciperet

240 2146 500 2198 opinionem,
541 2145 628 2197 ipse
659 2142 787 2182 libros
817 2157 914 2182 snos
939 2141 1093 2191 edidit,
1139 2142 1210 2194 qui
1241 2141 1378 2181 eadem
1409 2141 1573 2196 aliqua,
1604 2141 1729 2181 multa
1759 2147 1935 2190 mutata,
1965 2140 2138 2194 plurima

239 2215 421 2266 adiecta,
468 2215 602 2256 omnia
635 2228 730 2254 vero
760 2212 1046 2268 compositiora
1077 2218 1117 2252 et
1147 2225 1223 2266 pro
1254 2212 1412 2262 viribus
1444 2211 1646 2253 elaborata
1682 2212 1940 2252 continerent
1961 2212 2038 2269 ⁷).'
2089 2213 2136 2252 In

282 2374 314 2408 5)
358 2371 397 2402 V.
419 2372 495 2401 Inst.
520 2377 599 2400 orat.
622 2372 658 2406 6,
682 2378 823 2408 prooem.
847 2370 876 2399 3.
913 2370 943 2404 8,
963 2370 993 2405 6,
1017 2371 1071 2406 76,
1102 2368 1218 2406 quibus
1238 2366 1376 2397 addendi
1400 2367 1548 2398 videntur
1569 2367 1605 2402 2,
1628 2367 1662 2399 4,
1684 2365 1731 2395 42.
1765 2366 1801 2401 5,
1827 2365 1879 2401 12,
1901 2364 1948 2395 23.
1991 2363 2027 2393 ln
2051 2370 2137 2394 utro-

354 2434 417 2463 que
438 2423 520 2454 enim
540 2423 613 2453 loco
634 2422 730 2452 alium
751 2431 839 2452 suum
861 2421 968 2451 laudat
989 2421 1120 2459 librum3
1143 2422 1239 2451 alium
1263 2429 1337 2449 vero
1359 2425 1431 2450 ante
1453 2418 1682 2449 institutionem
1705 2416 1877 2445 oratoriam
1899 2424 1959 2445 non
1981 2416 2138 2447 ediderat.

356 2479 396 2507 cs.
417 2480 453 2513 8,
473 2480 510 2514 3,
533 2479 580 2506 58.
622 2476 753 2504 Tertius
774 2475 912 2511 denique
932 2475 1014 2503 haud
1038 2475 1135 2504 dubie
1157 2477 1217 2504 huc
1241 2475 1381 2512 pertinet
1402 2474 1490 2503 locus
1510 2474 1546 2507 2,
1571 2474 1623 2505 10.
1646 2473 1686 2506 3,
1709 2479 1895 2508 quamquam
1918 2470 1994 2499 libri
2017 2471 2136 2502 mentio

356 2537 419 2558 non
438 2527 484 2559 fit.
528 2530 570 2558 At
592 2527 748 2556 sententia
769 2527 856 2564 eius,
878 2527 960 2556 inter
983 2526 1189 2565 praecipuas,
1217 2534 1298 2562 quae
1319 2526 1536 2563 corrupissent
1557 2523 1789 2559 eloquentiam,
1818 2530 1943 2550 caussas
1972 2522 2135 2551 licentiam

356 2589 451 2619 atque
474 2582 630 2610 inscitiam
650 2580 891 2609 declamantium
914 2580 1027 2615 fuisse,
1049 2590 1086 2609 ea
1106 2587 1172 2616 est,
1199 2587 1232 2609 ut
1253 2581 1286 2609 in
1309 2581 1395 2610 libro
1417 2580 1457 2609 de
1478 2579 1595 2608 caussis
1616 2584 1784 2615 corruptae
1806 2574 2008 2612 eloquentiae
2027 2575 2137 2608 abesse

354 2643 417 2664 non
439 2633 592 2675 potuerit.

282 2693 314 2726 6)
355 2689 433 2718 Inst.
456 2695 535 2717 orat.
561 2687 592 2724 1,
616 2696 744 2725 prooem
779 2689 797 2717 3
819 2696 890 2723 sqq.

285 2743 316 2776 7)
358 2739 434 2771 Vid.
456 2739 497 2769 de
518 2739 567 2769 his
588 2738 735 2768 omnibus
757 2738 952 2777 prooemium
974 2738 1048 2768 libri
1072 2738 1166 2777 primi
1189 2737 1347 2773 totiusque
1370 2734 1463 2763 simul
1486 2733 1594 2772 operis
1615 2732 1640 2769 §.
1664 2734 1679 2761 1
1693 2732 1765 2763 -8,

1698 2785 1757 2827 4.
