2417 3023
497 880 710 941 vita
750 880 869 942 M.
911 878 1188 941 Fabii
1226 876 1827 954 quinalium.

875 1045 1218 1096 Particula
1259 1048 1451 1113 prior.

313 1330 658 1367 Prooemium.
716 1327 830 1370 Quo
855 1326 1013 1363 modo
1038 1334 1228 1363 nomen
1253 1327 1555 1370 Quintiliani
1586 1328 1911 1366 scribendum
1942 1327 2021 1365 ult.

835 1401 915 1439 De
953 1410 1054 1438 ovo
1095 1402 1206 1440 elus
1242 1405 1294 1440 et
1334 1405 1497 1449 patre.

214 1499 344 1570 Lex
373 1527 436 1561 est
465 1523 691 1574 pictorum,
726 1527 772 1560 ut
802 1534 936 1561 veram
972 1519 1153 1561 hominis
1187 1520 1363 1577 effigiem
1405 1521 1605 1562 reddituri
1632 1522 1762 1578 magis
1793 1526 1978 1561 naturam
2010 1521 2116 1570 eius,

217 1606 340 1646 quam
377 1591 551 1648 figuram
589 1591 793 1646 explicare
832 1591 1038 1632 studeant.
1103 1593 1229 1633 Recte
1265 1606 1428 1632 censeo.
1494 1593 1611 1632 Licet
1648 1593 1756 1631 enim
1788 1590 1965 1645 singulis
1999 1590 2119 1631 faciei

216 1661 401 1716 partibus
429 1662 559 1702 oculis
587 1663 756 1703 auribus
786 1663 887 1715 ipsis
917 1661 1013 1715 pilis
1052 1661 1304 1715 maculisque
1342 1662 1576 1701 tenerrimis
1613 1676 1780 1716 operam
1811 1660 1958 1701 darent
1992 1662 2119 1701 maxi-

218 1747 347 1783 mam,
393 1739 526 1773 tamen
561 1730 748 1788 neglecta
785 1746 829 1772 re
867 1730 937 1772 illa
978 1746 1134 1772 summa
1172 1730 1278 1771 nihil
1315 1738 1669 1786 repraesentarent
1703 1732 1785 1773 nisi
1814 1717 1941 1773 ’aures
1978 1732 2121 1773 oculos

217 1804 294 1843 alia
327 1803 528 1843 eiusmodi
557 1802 816 1843 lineamentis
846 1802 1072 1842 arbitrariis
1120 1805 1336 1844 coniuncta
1371 1805 1413 1842 in
1456 1818 1604 1853 unam,
1665 1811 1712 1844 ut
1748 1803 1878 1844 dicam
1913 1810 2118 1852 accurate,

218 1874 387 1914 larvam.
465 1873 663 1914 Centrum
698 1874 816 1928 quasi
845 1873 1000 1915 circulo
1028 1873 1187 1914 deesset
1216 1881 1257 1915 et
1289 1881 1423 1928 partes
1454 1888 1537 1915 non
1568 1873 1790 1925 haberent,
1834 1888 1908 1930 per
1936 1874 2049 1930 quod
2078 1875 2120 1915 in

219 1958 346 1984 unum
378 1957 587 1984 connexae
614 1945 696 1984 vim
727 1951 767 1984 ct
797 1945 915 1999 quasi
940 1945 1063 1984 vitam
1096 1943 1231 1985 solent
1259 1945 1459 1998 accipere.

409 2015 557 2055 Eadem
589 2015 681 2070 lege
713 2015 852 2055 nullus
889 2014 1033 2056 dubito
1066 2017 1168 2071 quin
1207 2024 1424 2058 teneantur
1462 2017 1636 2056 vitarum
1674 2030 1841 2070 quoque
1879 2016 2117 2070 scriptores,

221 2089 293 2143 qui
316 2089 352 2127 si
384 2093 492 2128 recte
520 2087 653 2129 officio
683 2102 758 2128 suo
788 2086 918 2128 velint
947 2086 1121 2144 defungi
1152 2094 1246 2129 ante
1276 2089 1411 2128 omnia
1443 2086 1485 2128 id
1514 2086 1666 2128 debent
1690 2101 1837 2143 agere,
1869 2093 1915 2127 ut
1937 2087 2119 2128 animum

220 2159 421 2213 cuiusque
451 2165 492 2198 et
521 2157 700 2198 indolem
733 2172 868 2197 veram
901 2158 1141 2209 ostendant,
1187 2175 1322 2200 rerum
1363 2174 1460 2199 vero
1497 2166 1757 2199 externarum
1795 2174 1862 2199 eas
1894 2161 2014 2200 modo
2050 2175 2121 2201 cu-

219 2237 338 2280 rent,
372 2243 477 2283 quae
507 2228 557 2268 ad
587 2228 655 2268 illa
688 2231 805 2284 quasi
841 2231 884 2269 in
914 2238 1176 2285 conspectum
1205 2231 1464 2285 producenda
1495 2230 1673 2271 valeant.
1736 2230 1860 2283 Quod
1889 2246 2012 2286 quam
2039 2246 2121 2272 non

220 2300 373 2341 factum
405 2301 459 2340 sit
488 2301 532 2340 in
562 2300 657 2340 vitis
688 2299 936 2353 Quintiliani
967 2302 1131 2356 scriptis
1161 2301 1280 2343 facile
1310 2308 1373 2342 est
1398 2301 1450 2341 ad
1481 2300 1861 2342 demonstrandum.
1933 2301 2038 2344 Nam
2076 2310 2122 2342 ut

221 2372 373 2412 mittam
406 2373 658 2428 antiquiores
689 2372 915 2412 Antonium
939 2372 975 2429 1)
1019 2372 1272 2414 Dodwellum
1295 2371 1332 2429 2)
1376 2372 1564 2428 Baylium
1586 2373 1622 2427 3)
1665 2371 1896 2414 Fabricium
1917 2373 1953 2429 ⁴)
1995 2372 2119 2413 Gess-

266 2524 296 2556 t)
337 2522 408 2554 Nic.
430 2524 564 2556 Antonii
585 2524 790 2557 Bibliotheca
812 2526 955 2567 Hispana
976 2531 1074 2557 vetus.
1116 2526 1154 2556 T.
1170 2528 1197 2556 1.
1221 2535 1249 2557 n.
1262 2526 1428 2559 239—272.

266 2589 299 2619 2)
340 2589 474 2620 flent-ici
499 2592 665 2622 Dodwelli
695 2593 835 2623 Annales
864 2592 1075 2624 Quintilianei
1104 2601 1158 2623 seu
1181 2593 1259 2625 Vita
1288 2594 1332 2624 M.
1361 2594 1456 2624 Fabii
1484 2593 1677 2625 Quintiliani
1707 2602 1766 2633 per
1794 2593 1923 2624 annales
1954 2593 2120 2634 disposita.

338 2641 478 2673 Oxford.
502 2647 589 2678 1698.
631 2646 751 2678 Recusi
771 2652 844 2678 sunt
863 2646 904 2677 ad
924 2646 1044 2677 calcem
1066 2646 1238 2678 voluminis
1259 2646 1354 2687 primi
1374 2645 1528 2678 editionis
1549 2645 1811 2677 Burmannianae.

267 2712 298 2746 3)
341 2709 567 2743 Dictionnaire
588 2714 770 2754 historique
790 2721 823 2745 et
842 2713 982 2752 critique
1003 2723 1061 2753 par
1080 2715 1119 2745 P.
1141 2714 1247 2754 Bayle
1266 2722 1291 2744 a.
1313 2723 1341 2744 v.
1362 2712 1552 2746 Quintilien.

270 2777 300 2813 4)
341 2777 484 2808 Fabricii
505 2778 711 2812 Bibliotheca
731 2781 846 2813 Latina
867 2791 898 2820 p.
919 2782 980 2813 256
999 2790 1070 2819 sqq.
1093 2782 1171 2813 edit.
1192 2781 1316 2811 Ernest.
