2417 3023
1035 126 1323 165 ..18-

216 252 329 280 more
361 245 401 278 et
431 238 627 277 maiorum
660 242 702 275 et
730 250 829 277 suae
859 240 1004 279 aetatis
1033 254 1127 279 cum
1156 239 1377 279 iuvenibus
1416 239 1593 291 habitis,
1638 253 1911 296 quaecunque
1947 240 1997 280 ad
2039 239 2128 280 rhe-

215 311 371 350 toricen
398 314 438 348 et
469 308 761 361 grammaticen
789 308 1072 361 pertinebant,
1109 309 1331 363 diligenter
1357 310 1521 351 videtur
1544 317 1753 351 tractasse.
1814 311 2006 366 Namque
2028 309 2127 367 quid

215 381 266 421 de
296 378 470 420 testibus
501 379 705 430 senserit,
755 381 875 421 etiam
914 380 966 422 ab
1003 383 1093 436 ipso
1128 381 1207 422 sibi
1246 384 1409 437 cognita
1440 397 1529 424 esse
1559 380 1846 434 Quintilianus
1873 389 2011 423 narrat
2037 381 2128 423 loco

214 452 399 506 proxime
429 451 554 490 citato
570 465 583 503 3
615 450 807 506 idemque
838 452 1000 491 iuvenis
1027 453 1188 506 excepit
1217 454 1306 492 eius
1336 453 1534 493 iudicium
1563 452 1614 492 de
1647 450 1824 506 Virgilio
1853 457 1947 505 post
1976 452 2127 493 Home-

213 537 304 561 rum
348 521 531 561 secundo
556 521 639 575 23),
694 521 745 560 de
782 521 936 575 quibus
979 522 1103 561 rebus
1148 526 1434 576 grammaticos
1473 524 1676 563 disserere
1716 523 1859 563 solitos
1895 537 1984 563 esse
2019 524 2128 577 apud

213 592 390 633 eundem
418 592 722 645 Quintilianum
750 591 926 647 legimus
948 592 1021 649 ²4).
1086 592 1225 647 Atque
1254 593 1356 632 mihi
1389 592 1555 648 quidem
1588 607 1830 647 persuasum
1858 599 1943 645 est,
1978 593 2127 634 Afrum

214 666 337 706 etiam
372 666 479 705 inter
508 663 603 704 illos
636 678 725 704 esse
756 678 875 705 senes
907 664 1192 714 doctissimos,
1240 678 1345 719 quos
1376 662 1456 704 sibi
1487 663 1639 704 dixisse
1670 662 1953 715 Quintilianus
1983 663 2127 716 refert,

213 738 379 776 nomina
409 734 593 784 Graeca,
629 741 675 773 ut
706 735 886 784 Atreus,
920 743 1036 776 acuta
1065 737 1192 789 prima
1227 734 1538 787 pronuncianda
1570 749 1682 784 esse,
1716 741 1763 774 ut
1781 735 1961 776 secunda
1991 736 2128 790 gravis

212 813 320 847 esset
343 804 415 861 2⁵).
491 806 655 844 Interea
694 819 746 844 ex
784 807 874 856 his,
920 820 1025 860 qnae
1062 805 1174 854 dixi,
1223 806 1257 843 si
1295 806 1390 859 quis
1427 807 1628 859 suspicari
1658 806 1784 857 velit,
1825 807 1976 846 Afrum
2007 805 2128 847 modo

211 876 424 917 rhetorum
455 873 799 925 adolescentulis,
842 882 886 914 ut
924 874 1190 915 declamando
1228 882 1544 928 exercerentur,
1589 877 1750 919 scholas
1787 878 2019 933 aperuisse,
2058 892 2126 918 ve·

212 962 306 987 reor
348 962 400 987 ne
426 960 674 1001 magnopere
705 945 887 984 fallatur.
963 944 1064 984 Tale
1095 946 1202 984 enim
1232 960 1382 985 munus
1408 946 1541 985 virum
1573 948 1830 988 consularem
1858 963 1940 988 non
1971 947 2123 988 decuit.

215 1020 303 1060 lmo
335 1034 431 1060 vero
461 1018 571 1059 domi
612 1019 783 1058 iuvenes
813 1017 877 1057 sui
919 1015 1125 1056 studiosos
1166 1014 1306 1056 docuit
1331 1015 1398 1056 vel
1426 1018 1764 1070 sermocinando,
1817 1018 1883 1059 vel
1921 1018 2125 1059 interdum

209 1091 329 1130 etiam
367 1088 580 1129 orantibus
614 1086 873 1142 praeeundo,
930 1101 1101 1142 eamque
1140 1088 1269 1141 ipsam
1308 1085 1362 1127 ob
1392 1101 1577 1128 caussam
1608 1088 1893 1142 Quintilianus
1923 1090 2013 1130 eius
2043 1104 2126 1130 non

210 1160 436 1215 discipulus
478 1159 730 1213 appellatur,
774 1159 845 1198 sed
879 1159 943 1199 vel
974 1158 1164 1208 auditor,
1209 1158 1275 1198 vel
1304 1165 1539 1199 assectator.
2017 1154 2021 1159 ’

401 1232 542 1272 Restat
581 1238 627 1271 ut
665 1231 716 1272 de
754 1230 938 1273 moribus
978 1231 1111 1273 incliti
1144 1230 1259 1271 illius
1301 1232 1475 1273 oratoris
1513 1245 1641 1286 pauca
1672 1230 1884 1272 disseram.
1958 1231 2125 1272 Tacitus

208 1304 308 1344 locis
348 1305 427 1343 iam
470 1318 595 1357 supra
638 1305 773 1343 citatis
813 1318 906 1344 eum
938 1305 1201 1359 prosperiore
1243 1303 1300 1342 ait
1337 1302 1468 1343 fuisse
1508 1302 1768 1358 eloquentiae
1806 1318 1927 1358 quam
1966 1318 2124 1344 morum

209 1375 347 1427 fama5
388 1381 431 1415 et
461 1374 532 1414 diu
569 1381 760 1430 egentem
791 1382 908 1430 parto
940 1390 1074 1430 nuper
1103 1400 1159 1407 —
1191 1374 1385 1414 nimirum
1417 1388 1546 1429 quum
1576 1373 1789 1415 Claudiam
1815 1373 2035 1416 Pulchram
2064 1375 2124 1415 vi·

207 1446 332 1487 cisset
371 1471 430 1477 —
471 1446 654 1501 praemio
690 1446 795 1488 male
832 1460 952 1487 usum
994 1446 1114 1502 plura
1151 1445 1205 1486 ad
1242 1444 1398 1501 flagitia
1438 1446 1665 1486 accinctum
1709 1459 1815 1486 esse.
1908 1445 2061 1486 Contra
2100 1460 2123 1485 a

206 1516 473 1569 Quintiliano
514 1525 596 1557 tam
638 1518 860 1573 diligenter
900 1518 1037 1557 cultus
1078 1524 1141 1556 est
1181 1523 1223 1557 et
1261 1517 1528 1568 observatus,
1582 1524 1628 1557 ut
1665 1533 1748 1558 non
1774 1518 1957 1558 dubitem
1991 1518 2125 1558 Taciti

205 1587 403 1628 iudicium
432 1589 620 1643 asperius
652 1587 718 1628 vel
744 1589 865 1628 etiam
897 1589 1096 1628 iniustum
1130 1588 1379 1628 existimare.
1454 1587 1567 1640 Quid
1598 1588 1737 1628 enim?
1781 1603 1832 1629 an
1863 1594 2009 1643 putas,
2051 1588 2125 1643 qni

206 1665 409 1699 oratorem
451 1659 680 1713 perfectum
725 1659 806 1698 nisi
847 1659 981 1698 virum
1026 1658 1181 1698 bonum
1219 1672 1309 1698 esse
1344 1671 1429 1698 non
1465 1672 1586 1711 posse
1615 1657 1827 1713 professus
1856 1664 1920 1699 est
1949 1671 2031 1697 non
2062 1672 2125 1698 se-

205 1728 389 1785 1nel2⁶)‚
436 1729 489 1769 ab
520 1730 663 1770 eodem
690 1731 824 1768 virum
858 1728 962 1768 male
990 1736 1191 1767 moratum
1226 1742 1308 1766 non
1340 1727 1432 1767 dico
1462 1728 1649 1778 laudari,
1689 1728 1763 1767 sed
1794 1728 1993 1781 optimum
2026 1742 2124 1768 suae

207 1803 349 1842 aetatis
375 1808 579 1842 oratorem
611 1800 841 1856 praedicari
872 1799 1089 1854 potuisse?
1149 1797 1259 1839 lllud
1296 1813 1424 1838 unum
1456 1799 1493 1839 ei
1524 1799 1625 1839 vitio
1657 1799 1806 1850 vertit,
1839 1797 1949 1854 quod
1979 1798 2125 1840 maluit

208 1871 411 1922 delicere,
445 1886 567 1927 quam
597 1871 784 1911 desinere
804 1870 881 1925 2⁷).·
940 1874 1077 1925 Atque
1109 1869 1185 1909 hac
1218 1870 1259 1908 in
1298 1884 1339 1909 re
1369 1884 1461 1909 cum
1492 1870 1637 1909 Tacito
1667 1868 1772 1909 bene
1802 1871 2017 1921 convenit,
2050 1872 2123 1926 qui

205 1958 332 1997 quum
367 1942 571 1981 modicum
605 1956 697 1981 eum
730 1940 984 1996 dignationis
1020 1940 1199 1995 appellet
1239 1948 1279 1980 et
1315 1956 1484 1996 quoquo
1523 1942 1704 1982 facinore
1740 1956 1957 1995 properum
1994 1941 2122 1983 clare-

203 2030 317 2055 scere
332 2013 415 2068 23),
465 2014 631 2053 nimiam
671 2014 815 2069 utique
852 2012 1116 2068 cupiditatem
1156 2011 1312 2068 gloriae
1347 2013 1574 2067 vituperat,
1621 2027 1702 2067 qua
1742 2013 1935 2054 incitatus
1962 2012 2029 2055 vel
2058 2014 2120 2054 in-

205 2091 398 2125 nocentes
430 2090 672 2139 persecutus
703 2086 772 2125 sit.
836 2086 1047 2139 Asperitas
1073 2090 1237 2134 autem,
1286 2097 1365 2137 qua
1399 2097 1569 2123 numero
1598 2084 1748 2123 civium
1781 2083 1983 2123 excidisse
2011 2084 2121 2138 apud

204 2155 385 2195 Plinium
425 2153 648 2203 narratur,
708 2170 828 2210 quem
870 2157 1025 2196 socium
1066 2156 1186 2195 etiam
1224 2155 1268 2193 in
1305 2153 1446 2194 liberis
1495 2153 1722 2205 habuerat,
1777 2153 1962 2194 moribus
2014 2155 2121 2194 exci-

202 2233 284 2266 tata
323 2225 486 2265 videtur
522 2225 664 2276 illius,
695 2227 813 2266 cuius
844 2226 949 2266 hona
982 2225 1276 2281 proscribenda
1309 2226 1492 2277 curavit,
1546 2233 1668 2281 atque
1698 2227 1797 2266 satis
1827 2226 1969 2265 vitium
1997 2224 2117 2276 illud,

204 2299 239 2337 si
273 2304 361 2338 erat
393 2297 560 2347 vitium,
606 2297 839 2337 emendavit
870 2300 1045 2352 pietate,
1079 2311 1160 2352 qua
1191 2295 1300 2336 filios
1325 2297 1413 2336 eius
1451 2303 1695 2336 testamento
1727 2295 1898 2337 heredes
1927 2310 2024 2337 suos
2054 2310 2116 2336 re-

201 2368 324 2424 liquit
346 2367 418 2424 ²9).

395 2439 436 2478 ls
473 2439 601 2492 igitur
635 2440 698 2479 vir
730 2439 978 2493 permultum
1011 2438 1063 2479 ad
1094 2438 1319 2480 doctrinam
1353 2435 1598 2490 Quintiliani
1626 2435 1778 2489 valuit,
1825 2438 1897 2493 qui
1929 2440 2115 2493 quamvis

219 2585 272 2618 23)
313 2585 393 2613 lust.
416 2589 497 2612 orat.
522 2583 580 2616 10,
604 2584 617 2610 l
631 2602 639 2616 ‚
662 2583 710 2612 86.
1177 2583 1230 2618 24)
1271 2582 1347 2610 Inst.
1371 2588 1451 2612 orat.
1475 2585 1506 2618 1,
1529 2584 1567 2618 4,
1589 2582 1609 2610 2
1628 2589 1699 2617 sqq.

220 2636 272 2669 25)
315 2634 391 2665 lust.
415 2642 493 2666 orat.
519 2636 556 2670 1,
578 2634 615 2671 5,
636 2634 684 2663 24.
1178 2636 1230 2671 26)
1273 2634 1347 2664 inst.
1366 2641 1443 2666 orat.
1468 2637 1501 2673 1,
1524 2642 1667 2674 prooem.
1688 2634 1718 2664 9.
1743 2634 1796 2671 12,
1820 2636 1852 2674 1,
1877 2637 1903 2667 Ι.
1948 2638 1981 2674 1,
2004 2636 2059 2671 15,
2083 2636 2109 2664 1.

220 2690 270 2721 27)
311 2689 387 2718 Inst.
413 2695 494 2719 orat.
520 2689 574 2724 12,
598 2689 654 2722 11,
674 2688 703 2716 3.
1177 2690 1229 2725 28)
1270 2689 1345 2718 Tac.
1370 2698 1439 2719 ann.
1461 2691 1500 2726 4,
1523 2690 1572 2719 52.

221 2743 271 2775 29)
315 2741 401 2771 Plin.
424 2751 498 2780 epp.
522 2742 558 2778 8,
582 2742 630 2771 18.
