2417 3023
1068 101 1362 143 -52-

259 221 394 275 neptis
414 221 683 274 Vespasiani,
717 218 887 258 alterius
910 217 1173 268 Domitillae,
1211 219 1363 258 sororis
1395 217 1620 259 Domitiani
1652 225 1694 259 et
1719 221 1849 275 ignoti
1880 224 2014 264 mariti
2041 221 2166 273 filiae,

259 308 309 334 ex
343 293 475 332 Dione
512 292 750 346 praesertim
786 291 976 330 novimus
1015 295 1055 329 et
1091 289 1289 330 Suetonio
1330 296 1456 345 atque
1498 297 1638 331 nostro
1662 290 1735 347 22).
1808 292 1992 334 Flavium
2033 302 2167 335 autem

260 362 511 402 Clementem
540 361 801 400 Domitianus
822 366 990 413 repente
1014 374 1065 399 ex
1097 360 1334 399 tenuissima
1365 361 1600 414 suspicione
1623 367 1777 401 tantum
1801 377 1884 402 non
1903 363 1946 402 in
1969 365 2059 418 ipso
2081 366 2169 406 eius

258 431 476 473 consulatu
497 432 720 471 interemit.
767 429 891 482 Quod
909 445 1018 469 anno
1039 427 1099 468 96
1121 431 1289 472 ineunte
1314 432 1465 472 factum
1487 433 1709 474 verisimile
1729 441 1815 486 est3
1844 448 1952 473 anno
1977 435 2085 474 enim
2111 433 2170 474 95

259 503 427 544 Flavius
458 501 650 542 Clemens
676 499 820 540 consul
852 499 954 550 suit,
1001 506 1040 539 et
1062 499 1289 542 Suetonius
1322 512 1483 555 narrat,
1524 505 1830 556 Domitianum,
1877 506 1950 560 qui
1978 518 2086 544 anno
2111 504 2171 545 96

260 580 437 615 exeunte
468 585 595 626 regno
629 571 790 624 vitaque
823 570 966 624 pulsus
998 578 1060 610 est
1080 570 1164 627 23),
1208 572 1303 613 inde
1334 580 1560 615 maturasse
1591 574 1671 614 sibi
1703 577 1889 616 exitium.
1952 576 2081 615 Antea
2113 581 2169 615 ta-

261 662 385 694 men,
434 652 479 684 ut
514 643 620 683 idem
657 643 880 683 Suetonius
922 649 1084 693 narrat,
1143 643 1250 683 filios
1287 645 1375 684 eius
1413 646 1532 684 etiam
1573 653 1658 685 tum
1693 646 1885 700 parvulos
1915 659 2171 686 successores

263 717 393 773 palam
421 715 697 756 &stinaverat
728 720 784 764 et,
815 712 969 754 abolito
995 715 1130 769 priore
1153 715 1332 765 nomine,
1365 714 1537 755 alterum
1552 716 1847 771 Vespasianum
1865 716 2062 771 appellari
2089 718 2171 756 ius-

262 795 394 838 serat,
444 788 617 826 alterum
658 785 967 836 Domitianum3
1017 800 1090 825 nec
1128 785 1215 824 salli
1253 785 1440 825 videmur
1479 786 1630 826 sactum
1670 787 1712 827 id
1746 789 1822 827 rati
1858 789 2017 843 aliquot
2053 788 2173 827 annis

262 867 355 901 ante
375 865 532 914 patrem
553 857 747 897 occisum.
799 854 998 907 Quamvis
1025 856 1132 895 enim
1157 855 1468 896 crudelissimus
1500 857 1625 897 fuerit
1647 858 1930 908 Domitianus,
1964 873 2013 898 eo
2039 865 2172 898 tamen

263 931 418 971 furoris
449 943 531 969 non
564 926 726 967 videtur
749 940 992 981 progressus
1013 941 1130 976 esse,
1163 934 1206 967 ut
1238 927 1421 969 eiusdem
1455 930 1630 970 hominis
1659 936 1700 969 et
1728 931 1998 971 amicissimus
2028 937 2067 970 et
2097 931 2173 969 ini-

263 1001 508 1041 micissimus
540 1004 646 1037 esset
677 996 817 1037 eodem
849 1004 1046 1051 tempore.
1113 998 1173 1037 Eo
1205 999 1366 1039 facilius
1398 1000 1448 1040 ad
1480 1002 1598 1041 istam
1629 1001 1863 1056 opinionem
1893 1000 2172 1056 perducimur,

263 1071 374 1128 quod
406 1071 629 1112 Suetonius
663 1076 826 1118 narrat,
875 1069 983 1108 filios
1016 1068 1241 1109 Clementis
1269 1071 1403 1111 adhuc
1432 1072 1625 1125 parvulos
1655 1073 1810 1122 fuisse,
1855 1087 1981 1127 quum
2014 1087 2173 1112 succes·

262 1158 375 1184 sores
405 1157 428 1182 a
461 1141 694 1182 Domitiano
722 1139 1040 1180 destinarentur.
1107 1141 1183 1181 His
1225 1143 1334 1183 enim
1374 1145 1509 1185 verbis
1540 1143 1630 1184 laxe
1666 1142 1787 1184 modo
1816 1158 1910 1184 cum
1948 1144 2060 1184 necis
2091 1159 2173 1184 me-

263 1215 390 1254 moria
421 1213 651 1253 coniunctis
679 1210 841 1251 videtur
872 1212 1053 1252 indicare
1085 1206 1289 1266 voluisse,
1327 1216 1434 1256 inter
1458 1215 1563 1256 hanc
1594 1222 1634 1256 et
1664 1230 1883 1270 puerorum
1915 1215 2174 1270 adoptionem

263 1284 430 1341 aliquod
464 1283 701 1324 interfuisse
740 1284 931 1336 spatium.
1010 1283 1092 1323 Sed
1130 1299 1180 1323 ne
1212 1285 1477 1340 adoptaverat
1512 1286 1678 1341 quidem
1713 1286 1971 1326 Domitianus
2007 1294 2174 1341 nepotes

263 1357 416 1397 sororis
440 1369 538 1395 suae
570 1368 618 1395 eo
649 1360 858 1408 tempore,
892 1369 974 1409 quo
1002 1353 1250 1407 Quintiliani
1278 1371 1399 1397 curae
1432 1357 1569 1397 traditi
1599 1365 1711 1399 sunt.
1774 1358 1922 1415 Neque
1953 1360 2062 1399 enim
2091 1359 2174 1399 Do-

265 1426 563 1467 mitiani-filios
594 1424 810 1478 adoptivos
833 1425 1116 1476 Quintilianus
1150 1441 1219 1466 eos
1245 1428 1445 1481 appellat,
1479 1443 1613 1483 neque
1642 1430 1806 1469 nomina
1836 1430 1888 1468 iis
1914 1429 2058 1468 tribuit
2083 1435 2175 1483 post

263 1499 525 1554 adoptionem
565 1501 758 1551 accepta,
813 1511 980 1548 verum,
1030 1496 1072 1535 id
1110 1497 1221 1552 quod
1259 1506 1352 1553 post
1393 1499 1653 1555 adoptionem
1689 1516 1773 1541 non
1808 1498 1982 1541 debebat
2023 1500 2172 1549 facere,

261 1573 415 1612 sororis
443 1569 669 1610 Domitiani
701 1574 869 1622 nepotes
902 1583 969 1608 eos
1000 1576 1224 1623 nuncupat.
1299 1570 1416 1622 Quae
1448 1586 1575 1626 quum
1608 1573 1662 1611 ita
1689 1573 1772 1611 sint
1805 1587 1886 1611 non
1914 1586 2078 1622 vercor,
2123 1584 2174 1609 ne

263 1644 355 1700 quis
389 1640 697 1684 conicetur-andi
733 1638 996 1695 cupiditatem
1040 1641 1140 1681 vitio
1187 1641 1287 1680 mihi
1328 1648 1458 1681 vertat
1500 1627 1772 1693 existimanti,
1821 1644 1941 1681 annis
1972 1643 2058 1680 fere
2085 1648 2175 1679 octo

261 1721 354 1754 ante
385 1728 527 1754 necem
560 1712 808 1762 Clementis,
855 1726 963 1751 anno
994 1712 1123 1766 igitur
1152 1710 1212 1751 87
1245 1711 1549 1764 Quintilianum
1589 1718 1630 1752 et
1662 1727 1811 1766 pueros
1842 1712 1942 1751 istos
1972 1709 2175 1751 curandos

261 1787 488 1841 accepisse,
538 1792 579 1826 et
612 1784 766 1824 librum
799 1790 989 1836 quartum
1023 1784 1293 1822 institutionis
1324 1784 1522 1822 oratoriae
1553 1784 1842 1835 composuisse.
1916 1782 2034 1821 Ratio
2065 1782 2173 1821 enim

264 1858 497 1913 proposita,
530 1855 628 1896 licet
653 1856 791 1894 minus
828 1853 957 1912 valeat
994 1867 1065 1892 sua
1101 1854 1140 1892 vi
1173 1852 1395 1907 probandi,
1429 1879 1485 1886 —
1516 1853 1610 1907 quis
1641 1853 1748 1892 enim
1781 1859 1927 1908 neget,
1960 1851 2030 1903 id,
2064 1851 2174 1908 quod

266 1944 339 1969 nos
370 1941 480 1967 anno
510 1924 571 1965 87
601 1925 752 1965 factum
792 1925 1051 1973 censuimus,
1106 1938 1187 1963 uno
1218 1939 1324 1964 anno
1355 1923 1420 1964 vel
1451 1922 1611 1964 duobus
1639 1930 1733 1963 ante
1766 1923 1830 1963 vel
1861 1930 1953 1978 post
1982 1924 2071 1965 fieri
2105 1938 2173 1978 po-

262 1998 419 2042 tuisse?
441 2025 497 2031 —
518 2013 610 2039 cum
632 1990 779 2039 ceteris
800 2005 935 2037 tamen
962 2011 1144 2036 connexa
1165 2002 1205 2035 et
1227 1997 1312 2049 ipsa
1334 1995 1380 2034 fit
1401 1996 1641 2050 gravissima
1663 2001 1702 2034 et
1724 1994 1866 2034 harum
1890 1994 2012 2035 fidem
2031 2002 2170 2050 auget.

397 2070 556 2119 Restat,
587 2074 630 2108 ut
657 2067 706 2108 de
737 2069 854 2108 tertia
884 2082 1025 2108 caussa
1059 2066 1272 2116 disseram,
1310 2080 1413 2120 quae
1447 2081 1527 2106 non
1560 2064 1691 2105 solum
1724 2065 1766 2105 id
1792 2065 2029 2120 praestabit,
2063 2064 2173 2121 quod

262 2142 493 2196 proximum
522 2145 600 2189 est,
631 2138 704 2179 sed
729 2138 829 2178 alias
856 2138 979 2178 simul
1007 2154 1069 2177 res
1091 2139 1133 2177 in
1160 2139 1237 2177 vita
1261 2137 1506 2189 Quintiliani
1530 2137 1676 2193 dignas
1702 2139 1895 2178 memoria
1922 2135 2169 2191 explanabit.

265 2213 488 2265 Desumpta
508 2225 554 2250 ea
578 2216 640 2250 est
656 2224 706 2249 ex
721 2210 962 2265 Hieronymi
986 2209 1274 2249 chronicorum
1298 2207 1623 2249 Eusebianorum
1643 2208 1994 2263 interpretatione,
2027 2208 2099 2261 qui
2123 2205 2175 2245 ad

263 2297 415 2323 annum
447 2287 637 2336 quartum
665 2279 734 2320 Ol.
759 2277 865 2330 217,
906 2286 996 2333 post
1029 2278 1106 2318 Ch.
1135 2294 1177 2317 n.
1205 2276 1288 2328 89,
1325 2279 1482 2333 imperii
1515 2280 1739 2319 Domitiani
1767 2278 1797 2318 8
1842 2277 2170 2331 »Quintilianus‚

263 2355 345 2403 ait,
393 2367 442 2393 ex
475 2352 671 2406 Hispania
704 2351 1040 2406 Calagurritanus
1082 2349 1239 2403 primus
1269 2349 1422 2390 Romae
1461 2349 1663 2405 publicam
1695 2349 1874 2390 scholam
1906 2356 1947 2390 et
1981 2346 2171 2387 salarium

290 2527 339 2555 22¹
385 2524 459 2554 Dio.
489 2524 547 2559 67,
571 2523 625 2555 12,
649 2523 696 2552 1-1.
739 2520 825 2551 Suet.
850 2520 942 2549 nom.
968 2521 1014 2549 15.
1059 2519 1166 2549 Quint.
1191 2519 1227 2552 4,
1251 2527 1388 2557 prooem.
1410 2519 1439 2547 2.
1482 2517 1523 2546 cs.
1552 2519 1669 2547 Anton.
1692 2517 1712 2545 Ι.
1735 2526 1761 2545 c.
1799 2516 1824 2553 §.
1848 2517 1915 2547 246.
1958 2518 2172 2550 Philostratus

382 2578 413 2607 in
437 2576 501 2606 vita
525 2573 691 2613 Apollonii
714 2574 734 2603 Ι.
757 2575 783 2604 8.
807 2573 889 2603 falso
912 2581 1043 2602 uxorem
1065 2570 1237 2602 Clementis
1263 2570 1436 2601 Domitiani
1459 2570 1539 2601 dicit
1560 2578 1712 2599 sororem.
1763 2569 1850 2600 Haec
1869 2570 1951 2600 enim
1975 2571 2172 2610 Vespasiano

381 2636 474 2670 patre
495 2629 600 2659 adhuc
622 2628 748 2667 privato
770 2634 894 2657 mortua
916 2633 973 2656 est.
1017 2626 1058 2656 V.
1082 2625 1169 2655 Suet.
1196 2624 1295 2663 Vesp.
1319 2626 1347 2655 3.
1389 2623 1501 2660 Itaque
1522 2632 1582 2652 non
1607 2621 1728 2661 potuit,
1757 2621 1789 2651 id
1811 2622 1898 2659 quod
1921 2623 1986 2653 Dio
2008 2624 2050 2653 de
2071 2633 2172 2654 uxore

381 2681 554 2712 Clementis
576 2687 698 2717 narrat,
722 2680 753 2710 in
775 2679 1001 2710 Pandateriam
1024 2678 1156 2708 insulam
1180 2677 1317 2716 relegari
1345 2686 1363 2706 a
1387 2676 1580 2707 Domitiano.

290 2739 340 2767 23>
380 2734 468 2765 Suet.
495 2734 586 2763 Dom.
613 2736 657 2763 17.
