2417 3023
1074 143 1362 185 —11-

267 259 381 298 ribus
432 259 864 299 circumscriberentur
909 258 1116 299 cancellis.
1208 259 1428 313 Oporteret
1467 260 1576 298 enim
1624 273 1732 300 anno
1773 256 1835 298 56
1870 257 1937 298 vel
1973 255 2032 297 57
2076 274 2168 299 eum

266 343 423 379 senem,
455 344 561 370 anno
574 327 636 370 58
650 329 717 371 vel
731 327 791 371 59
812 328 930 371 valde
958 344 1096 372 senem
1125 329 1281 381 fuisse,
1312 328 1385 371 illo
1406 329 1619 381 floruisse,
1651 329 1731 372 hoc
1758 330 1870 372 omni
1893 328 2058 371 *honore
2086 330 2167 385 pri·

266 407 402 442 vatum
432 402 643 443 hominum
673 401 738 443 vel
765 401 944 442 derisum
975 401 1235 440 sustinuisse.
1297 400 1422 454 Quod
1448 401 1538 442 fieri
1567 408 1650 442 tam
1680 401 1867 443 celeriter
1895 416 1980 443 nou
2008 401 2128 442 solet.

902 569 982 606 De
1013 570 1181 613 patria
1213 570 1527 612 numanam.

453 681 503 721 In
533 694 614 736 qua
643 677 743 720 urbe
774 685 895 719 natus
921 680 976 720 sit
1001 677 1312 731 Quintilianus,
1368 680 1475 719 inter
1514 680 1623 719 viros
1660 679 1802 721 doctos
1843 679 1894 719 lis
1932 686 2019 732 est3
2071 696 2165 735 pars

262 754 371 793 enim
394 752 624 791 Romanum
657 765 751 790 eum
782 750 1033 798 existimant,
1065 749 1135 788 alii
1161 749 1532 803 Calagurritanum.
1594 755 1729 804 Atque
1750 750 1794 790 hi
1818 750 2004 805 quidem,
2037 765 2164 805 quum

261 824 348 877 ipse
380 821 662 875 Quintilianus
692 818 798 859 nihil
825 818 876 860 de
907 833 952 860 ea
982 833 1026 860 re
1057 819 1254 874 scriptum
1284 817 1498 873 reliquerit
1520 817 1578 875 l),
1612 826 1797 860 auctores
1827 826 2060 876 sequuntur
2080 822 2164 860 Au-

260 894 445 945 sonium,
492 894 565 948 qui
596 893 641 930 in
670 890 1051 931 commemoratione
1088 890 1366 944 professorum
1398 888 1787 944 Burdigalensium,
1832 898 2045 946 postquam
2084 892 2163 931 Mi-

259 966 447 1005 nervium
477 967 677 1004 oratorem
709 963 881 1003 alterum
912 968 1031 1017 togae
1060 961 1287 1004 rhetoricae
1319 961 1622 1015 Quintilianum
1653 961 1898 1017 appellavit,
1941 964 2000 1004 sic
2030 964 2165 1019 pergit

258 1050 320 1077 vs.
357 1033 407 1075 7:
1473 1077 1475 1080 .

446 1104 620 1144 Adferat
646 1117 777 1158 usque
808 1103 903 1142 licet
930 1101 1100 1142 Fabium
1133 1100 1372 1157 Calagurris
1400 1103 1628 1154 alumnum,

445 1175 543 1215 Non
576 1176 630 1214 sit
659 1173 905 1227 Burdigalae
936 1173 1032 1212 dum
1059 1171 1249 1213 cathedra
1279 1174 1478 1226 inserior3

255 1250 416 1301 praeter
445 1259 538 1288 eum
572 1244 866 1300 Hieronymum
904 1243 946 1282 in
980 1240 1151 1283 Eusebii
1188 1240 1381 1283 chronico
1415 1242 1467 1283 ad
1498 1241 1569 1283 01.
1603 1240 1718 1295 216,
1754 1242 1809 1296 4,
1856 1242 2161 1297 Quintilianum

254 1331 306 1357 ex
333 1317 529 1371 Hispania
553 1315 911 1370 Calagurritanum
942 1314 1141 1353 dicentem
1163 1314 1200 1368 2)
1232 1315 1484 1368 eandemque
1511 1315 1755 1352 sententiam
1776 1321 1958 1354 tuentem
1984 1317 2029 1353 in
2054 1315 2162 1355 libro

253 1388 449 1428 adversus
485 1387 760 1440 vigilantium
801 1386 982 1438 scripto,
1043 1384 1116 1425 ubi
1155 1385 1255 1426 haec
1292 1386 1379 1428 fere
1421 1385 1545 1426 verba
1593 1384 1817 1440 leguntur:
1879 1405 1892 1422 ι
1909 1384 1992 1426 Iste
2029 1400 2161 1440 caupo

253 1458 590 1515 Calagurritanus
621 1462 662 1498 et
686 1457 730 1497 iu
760 1469 996 1512 perversum
1026 1460 1194 1511 propter
1223 1471 1372 1499 nomen
1400 1456 1526 1500 viculi
1555 1462 1694 1497 mutus
1713 1455 1997 1510 Quintilianus
2017 1457 2162 1497 miscet

251 1545 397 1586 aquam
428 1531 524 1569 vino
540 1548 553 1564 ι
575 1529 627 1584 3).

442 1601 594 1641 Contra
625 1615 671 1641 ea
703 1602 834 1651 vitae,
881 1614 1003 1654 quam
1034 1600 1112 1639 viri
1143 1598 1252 1641 docti
1281 1599 1399 1640 libris
1431 1600 1677 1652 Quintiliani
1709 1599 1759 1641 de
1787 1600 1962 1640 oratoria
1993 1600 2157 1640 institu-

249 1670 362 1711 tione
393 1669 718 1724 praemiserunt,
762 1674 903 1709 auctor
939 1669 1120 1709 incertus
1140 1668 1176 1724 4)
1219 1667 1338 1709 libris
1374 1676 1604 1724 temporum
1643 1694 1701 1703 —
1739 1670 2039 1726 Hieronymum
2069 1672 2158 1712 sine

250 1739 377 1780 dubio
414 1738 610 1794 intelligit
649 1738 717 1778 vel
756 1737 1044 1777 Cassiodorum
1095 1763 1153 1770 —
1204 1738 1328 1779 fidem
1376 1756 1533 1796 negans
1580 1741 1810 1782 habendam
1857 1743 2012 1783 Romae
2060 1757 2156 1782 eum

249 1818 389 1852 natum
429 1825 519 1851 esse
560 1808 790 1851 confirmat.
868 1807 1004 1861 Quam
1044 1810 1280 1865 opinionem
1321 1812 1553 1854 testimonio
1571 1816 1731 1854 *veram
1772 1811 1942 1854 reddere
1983 1817 2157 1854 conatur

247 1880 465 1923 Martialis.
528 1880 570 1920 Is
601 1881 734 1931 enim,
776 1881 936 1934 inquit,
982 1880 1284 1935 Calagurritani
1321 1884 1410 1937 agri
1444 1883 1662 1934 alumnus,
1704 1898 1830 1939 quum
1862 1883 2041 1924 Hiberos
2073 1898 2155 1923 me·

248 1953 376 1995 moria
406 1951 554 2009 dignos
584 1952 670 1993 suis
707 1952 1009 2008 epigrammatis
1044 1951 1197 1991 inserat
1217 1949 1278 2008 ⁵),
1332 1951 1487 1993 nullam
1530 1952 1580 1994 de
1612 1952 1872 2007 Quintiliano
1903 1955 2154 1995 mentionem

248 2025 371 2076 facit,
405 2023 480 2065 sed
507 2038 600 2064 eum
631 2024 847 2078 separatim
878 2037 970 2063 cum
1001 2023 1263 2063 veneratione
1290 2024 1502 2064 nominat:

435 2094 691 2147 Quintiliane
722 2109 848 2149 vagae
878 2093 1109 2134 moderator
1139 2109 1295 2134 summe
1325 2095 1535 2147 iuventae,

438 2164 580 2206 Gloria
611 2165 817 2206 Romanae
849 2163 1105 2217 Quintiliane
1135 2169 1254 2219 togae
1274 2164 1328 2219 ⁶).

293 2326 323 2361 1)
364 2323 504 2354 Gessner
530 2323 551 2352 l.
572 2332 599 2351 c.
627 2322 725 2361 praef.
745 2322 770 2359 §.
793 2324 822 2352 3.
865 2322 970 2359 Illud,
999 2323 1123 2360 inquit,
1153 2321 1291 2352 nondum
1311 2320 1481 2350 observavi
1502 2328 1535 2352 et
1554 2322 1661 2351 nescio
1681 2330 1720 2352 an
1741 2322 1824 2352 alius
1844 2323 2032 2362 quisquam,
2061 2327 2146 2362 quod

365 2377 595 2409 volaterranus
616 2376 660 2407 ait
680 2376 718 2407 L.
743 2377 780 2407 19
802 2385 848 2415 pr.
862 2398 871 2412 ,
894 2375 1124 2407 Quintilianum
1147 2375 1306 2415 Hispanos
1326 2381 1401 2403 suos
1423 2373 1638 2413 provinciales
1659 2374 1835 2415 appellare.

288 2432 319 2467 2)
360 2430 413 2460 Ex
435 2430 494 2459 hoc
516 2429 588 2458 loco
610 2430 686 2459 Aur.
708 2429 917 2459 Cassiodorus
945 2438 1001 2459 sua
1021 2429 1170 2459 habuisse
1198 2427 1341 2461 videtur.
1372 2425 1456 2455 idem
1477 2427 1707 2457 Quintilianum
1734 2438 1777 2458 ex
1797 2429 1952 2468 Hispania
1979 2431 2147 2462 oriundum

359 2485 523 2515 affirmans
544 2483 575 2514 in
597 2482 769 2520 chronico,
789 2481 922 2514 Silvano
942 2488 974 2514 et
994 2482 1111 2513 Prisco
1132 2482 1219 2514 Coss>

288 2538 320 2572 3)
361 2537 410 2566 Cf.
434 2536 620 2573 Wesseling
641 2535 681 2564 ad
705 2537 819 2564 Anton.
840 2535 946 2565 itiner.
968 2546 1000 2574 p.
1021 2537 1078 2566 457
1100 2546 1148 2573 sq.

290 2589 321 2625 4)
363 2589 518 2619 Antonius
539 2589 561 2619 l.
585 2598 611 2619 c.
644 2597 673 2618 n.
698 2588 726 2619 2.
753 2588 932 2627 suspicatur
959 2594 1120 2620 auctorem
1147 2588 1235 2618 illius
1264 2586 1347 2616 vitae
1369 2594 1439 2616 esse
1460 2587 1674 2619 Omnibonum
1694 2588 1906 2619 Leonicenum
1929 2587 2145 2626 vicentinum,

359 2640 550 2672 Quintiliani
570 2641 611 2671 ab
631 2650 713 2671 anno
735 2642 811 2673 1471
833 2641 1082 2680 illustratorem;
1102 2642 1160 2672 alii
1182 2640 1297 2672 Vallae
1316 2648 1384 2669 eam
1405 2639 1558 2671 tribuunt.

286 2695 318 2731 5)
359 2692 475 2723 Animo
496 2693 564 2723 eius
585 2692 772 2725 obversatur
793 2694 988 2733 epigramma
1011 2697 1045 2732 Ι,
1065 2696 1104 2726 62
1127 2695 1166 2725 ad
1187 2693 1388 2724 Licinianum
1408 2694 1569 2732 scriptum.

288 2748 320 2783 6)
363 2746 454 2777 Mart.
479 2745 566 2783 epig.
583 2746 619 2781 2,
642 2746 690 2776 90.
