2417 3023
1061 115 1350 157 ..14-

221 271 223 275 ,
252 231 420 270 maticos
451 230 629 270 tenuerit
658 242 730 268 sua
761 235 917 279 aetate,
965 229 1037 269 sed
1068 229 1251 269 moribus
1294 231 1423 273 fuerit
1452 248 1575 288 quam
1613 234 1831 288 pessimis,
1880 235 1981 275 adeo
2012 242 2056 275 ut
2086 236 2157 274 Ti-

248 300 390 341 berius
420 307 460 340 et
489 313 585 339 mox
615 298 813 339 Claudius
844 299 976 354 palam
1010 300 1318 354 praedicarent,
1362 304 1516 343 nemini
1552 305 1691 345 minus
1727 305 2026 347 institutionem
2057 322 2154 361 pue-

249 386 385 413 rorum
418 371 484 412 vel
509 372 705 412 iuvenum
736 371 1066 412 committendam
1099 386 1204 412 esse.
1283 372 1383 413 Erat
1420 375 1526 413 enim
1565 388 1649 414 non
1687 375 1820 414 solum
1851 388 2009 416 summa
2045 392 2154 418 arro-

247 444 412 498 gantia,
461 443 536 483 sed
571 443 759 483 luxuriae
792 458 957 498 quoque
990 458 1247 496 summopere
1278 444 1520 500 indulgebat
1550 447 1804 500 maximeque
1832 445 2033 500 flagrabat
2061 449 2154 490 libi-

245 514 412 555 dinibus
437 516 482 556 in
512 515 703 556 mulieres
724 515 775 568 3).
841 514 925 567 Qui
957 498 1109 569 qdaeso
1139 513 1229 554 fleri
1260 516 1482 568 potuisset,
1525 521 1571 556 ut
1598 515 1904 569 Quintilianus,
1938 532 2059 573 quem
2088 535 2153 561 ae-

243 593 324 627 tate
355 592 592 642 provectum
620 584 804 626 moribus
833 584 955 625 bonis
986 585 1113 625 multo
1141 586 1271 624 maius
1298 585 1457 626 tradere
1492 586 1678 627 videmus
1714 594 1991 639 momentum,
2031 603 2153 643 quam

243 658 482 708 doctrinae,
527 671 631 712 puer
669 657 742 697 tali
776 664 1038 711 praeceptore
1068 657 1283 696 uteretur?
1356 656 1534 697 Scholiis
1564 658 1692 712 igitur
1721 660 1756 697 si
1787 674 1908 714 quam
1939 659 2059 699 fldem
2093 661 2154 700 vis

240 729 419 780 habere,
452 728 557 769 illud
588 727 712 768 modo
737 727 917 768 indicare
945 726 1214 767 existimanda
1245 734 1363 779 sunt,
1395 727 1696 779 Quintilianum
1728 735 1773 768 ut
1792 729 1842 769 de
1868 736 1953 769 arte
1979 731 2155 770 oratoria

241 800 478 851 rhetorum,
520 800 581 839 sic
625 798 675 839 de
715 796 838 838 rebus
880 799 1158 852 grammaticis
1189 798 1443 839 Palaemonis
1474 799 1624 840 iudicia
1652 813 1898 855 cognoscere
1928 800 2151 851 studuisse,

241 885 323 910 non
355 877 437 910 tam
470 869 744 925 discipulum,
778 883 900 924 quam
931 868 1154 908 aemulum.
1218 867 1334 920 Quae
1363 883 1490 923 quum
1523 871 1577 908 ita
1609 871 1693 909 sint
1722 877 1763 910 et
1791 870 1896 910 alius
1921 877 2153 924 praecepto-

240 942 298 980 ris
337 956 388 981 ne
421 956 569 981 nomen
597 939 761 995 quidem
795 941 1014 980 memoriae
1045 938 1252 993 proditum
1284 939 1364 989 sit,
1408 939 1567 994 liquere
1595 939 1780 992 videtur,
1820 940 1863 981 id
1893 940 2004 996 quod
2030 955 2153 995 supra

240 1013 319 1052 iam
362 1010 622 1067 significavi,
684 1009 988 1063 Quintilianum
1034 1007 1366 1065 praeceptoribus
1410 1009 1574 1066 quidem
1624 1008 1744 1051 bonis
1796 1017 1836 1052 et
1883 1011 2154 1067 prudentibus

238 1098 357 1123 usum
387 1098 508 1134 esse,
540 1083 614 1124 sed
643 1084 694 1123 iis
725 1089 886 1133 tamen,
926 1097 1102 1137 quorum
1136 1081 1300 1121 nomina
1331 1095 1414 1121 non
1446 1081 1705 1122 habebantur
1736 1083 1779 1121 in
1811 1096 1983 1123 numero
1999 1083 2152 1123 Romae

238 1153 554 1208 praeclarorum.
632 1152 912 1194 provinciales
964 1159 1080 1193 erant
1122 1151 1443 1207 hominibusque
1483 1152 1655 1193 literatis
1694 1167 1838 1207 parum
1876 1154 1987 1206 noti3
2051 1154 2153 1208 quid

237 1239 341 1278 opus
372 1232 460 1264 erat
489 1224 759 1265 nominibus?
831 1224 1030 1263 Libenter
1073 1225 1195 1262 etiam
1239 1223 1390 1273 credo,
1432 1230 1478 1262 ut
1517 1230 1657 1263 noster
1698 1223 1982 1274 Quintilianus
2021 1223 2151 1262 filium

236 1310 357 1334 suum
389 1294 621 1336 rhetoricen
653 1294 860 1336 docuisset
879 1294 943 1349 4),
988 1295 1024 1335 si
1061 1293 1352 1334 dilectissimus
1383 1292 1454 1334 ille
1485 1308 1573 1334 eam
1598 1299 1771 1335 aetatem
1802 1294 2026 1349 attigisset,
2071 1308 2151 1349 qua

236 1366 407 1405 iuvenes
437 1364 535 1405 huic
565 1366 642 1405 arti
673 1365 861 1406 solebant
887 1365 1080 1416 studere,
1127 1365 1185 1404 sic
1215 1365 1350 1419 ipsum
1383 1379 1405 1404 a
1437 1371 1581 1419 patre,
1625 1365 1661 1403 si
1700 1363 1866 1418 quidem
1897 1370 2006 1404 recte
2040 1364 2151 1405 hunc

236 1435 445 1474 rhetorem
487 1436 846 1486 existimavimus,
902 1442 1029 1475 artem
1071 1449 1185 1474 suam
1223 1441 1264 1474 et
1297 1436 1436 1475 literas
1467 1435 1655 1475 edoctum
1689 1448 1795 1474 esse.
1878 1434 1927 1473 Id
1965 1436 2073 1474 enim
2115 1437 2151 1475 si

236 1506 403 1557 damus,
468 1505 679 1546 silentium
722 1506 812 1546 eius
850 1505 901 1546 de
941 1503 1275 1561 praeceptoribus
1311 1505 1503 1546 facillime
1535 1505 1761 1560 explicatur
1799 1504 2008 1559 ingenuo,
2067 1519 2150 1560 quo

234 1577 482 1626 ducebatur,
535 1577 707 1631 pudore.
793 1577 904 1616 Illud
948 1579 1056 1616 enim
1099 1575 1365 1630 persuadebis
1404 1577 1581 1625 nemini,
1628 1581 1936 1628 praeceptorum
1979 1589 2148 1614 suorum

234 1648 408 1689 oblitum
438 1662 527 1688 esse
554 1662 665 1697 eum,
698 1648 771 1702 qui
795 1648 883 1701 ipse
909 1646 1131 1701 discipulos
1153 1660 1248 1686 suos
1270 1660 1367 1699 prae
1390 1647 1536 1687 ceteris
1559 1647 1602 1687 id
1622 1662 1751 1687 unum
1770 1648 1945 1687 maxime
1969 1647 2145 1697 monuit,

232 1726 279 1758 ut
303 1724 588 1773 praeceptores
616 1733 714 1758 suos
746 1732 829 1758 non
863 1718 1018 1767 minus,
1050 1730 1173 1771 quam
1203 1716 1290 1768 ipsa
1313 1715 1447 1755 studia
1474 1724 1657 1756 amarent
1681 1723 1722 1756 et
1740 1722 1931 1770 parentes
1951 1730 2040 1756 esse
2065 1732 2147 1757 non

235 1790 403 1844 quidem
434 1804 652 1842 corporum
685 1788 757 1828 sed
785 1789 981 1828 mentium
1014 1786 1228 1827 crederent
1249 1786 1302 1844 5).
1366 1786 1511 1838 Quid?
1541 1786 1653 1842 quod
1678 1801 1761 1826 nou
1791 1786 1917 1826 semel
1948 1788 2147 1828 rationem

234 1874 377 1900 eorum
409 1865 450 1899 ct
479 1857 738 1913 prudentiam
769 1859 813 1898 in
844 1857 1074 1912 exemplum
1107 1857 1257 1897 attulit.
1333 1857 1402 1898 Sic
1434 1856 1483 1897 de
1514 1857 1588 1908 iis,
1632 1857 1705 1912 qui
1735 1857 2027 1912 grammaticen
2053 1872 2146 1898 eum

234 1931 483 1979 docuerant,
527 1929 650 1969 »Non
678 1928 852 1979 inutile,
883 1929 1020 1983 inquit
1039 1928 1099 1983 6),
1142 1930 1228 1969 scio
1273 1935 1477 1968 servatum
1508 1942 1597 1968 esse
1632 1943 1653 1967 a
1682 1928 2016 1981 praeceptoribus
2046 1930 2147 1969 meis

231 2015 414 2051 morem,
449 2000 547 2055 qui,
578 2014 705 2054 quum
738 2013 889 2054 pueros
919 2000 963 2038 in
994 1998 1145 2039 classes
1177 1998 1495 2049 distribuerent,
1527 1997 1711 2038 ordinem
1736 1996 1899 2038 dicendi
1920 1999 2145 2039 secundum

231 2073 341 2110 vires
371 2071 531 2125 ingenii
563 2069 746 2122 dabant3
790 2076 831 2110 et
861 2071 915 2109 ita
947 2071 1158 2123 superiore
1185 2070 1276 2111 loco
1304 2072 1480 2125 quisque
1512 2070 1786 2121 declamabat,
1826 2076 1872 2110 ut
1900 2070 2144 2124 praecedere

230 2140 419 2196 profectu
451 2140 681 2183 videbatur.
759 2141 894 2182 Huius
925 2141 985 2181 rei
1016 2140 1167 2182 iudicia
1201 2139 1526 2196 praebebantur;
1573 2156 1619 2182 ea
1659 2139 1777 2182 nobis
1808 2141 1957 2197 ingens
1987 2139 2143 2195 palmae

231 2212 468 2264 contentio3
512 2211 662 2253 ducere
693 2225 792 2253 vero
828 2211 998 2252 classem
1037 2211 1165 2252 multo
1201 2210 1541 2266 pulcherrimum.
1618 2211 1705 2252 Nec
1735 2211 1786 2252 de
1817 2213 1892 2251 hoc
1917 2212 2044 2251 semel
2073 2212 2142 2252 de·

231 2270 409 2323 cretum·
433 2290 547 2335 erat;
589 2285 821 2324 tricesimus
863 2283 949 2323 dics
987 2282 1184 2323 reddebat
1222 2284 1330 2322 victo
1363 2284 1595 2323 certaminis
1633 2289 1888 2337 potestatem.
1972 2283 2033 2323 lta
2067 2299 2143 2324 nec

233 2355 420 2408 superior
461 2368 654 2402 successu
690 2368 829 2394 euram
869 2353 1127 2405 remittebat,
1174 2359 1216 2394 et
1245 2351 1363 2393 dolor
1394 2354 1545 2393 victum
1575 2353 1626 2393 ad
1657 2352 1938 2407 depellendam
1966 2355 2139 2409 ignomi-

234 2424 340 2464 niam
368 2422 614 2464 concitabat.
690 2424 739 2464 ld
772 2423 892 2465 nobis
922 2426 1100 2466 acriores
1130 2424 1181 2465 ad
1212 2423 1344 2464 studia
1378 2423 1540 2464 dicendi
1572 2425 1681 2465 faces
1713 2423 1972 2477 subdidisse,
2018 2441 2138 2482 quam

233 2497 553 2535 exhortationem
583 2493 840 2547 docentium,
886 2497 1217 2553 paedagogorum
1249 2495 1501 2546 custodiam,
1542 2485 1633 2536 vvota
1667 2504 1907 2551 parentum,
1941 2505 2136 2552 quantum

271 2665 303 2699 3)
345 2661 432 2693 Suet.
454 2663 496 2692 de
518 2662 640 2693 illustr.
665 2662 803 2692 Gramm.
826 2671 896 2702 cap.
908 2664 954 2694 23.
1226 2665 1255 2696 4)
1297 2663 1372 2693 Inst.
1394 2669 1473 2693 orat.
1492 2665 1528 2701 6,
1550 2670 1692 2701 prooem.
1716 2663 1743 2690 1.

272 2732 301 2757 5)
343 2729 420 2758 Inst.
442 2735 523 2758 orat.
546 2731 582 2762 2,
604 2730 640 2763 9,
665 2731 689 2757 1.
1220 2731 1252 2764 6)
1293 2729 1369 2758 Inst.
1391 2735 1469 2758 orat.
1493 2731 1527 2764 1,
1547 2728 1583 2762 2,
1607 2728 1673 2772 ²31*
