2417 3023
1089 70 1348 113 -5-

269 200 314 235 ut
339 190 487 234 similia
506 187 794 243 Quinctiorum
821 194 862 230 et
884 178 1229 242 Quinctiliornm,
1262 186 1532 244 etymologiae
1563 201 1685 243 qnam
1717 187 1862 228 dicunt
1890 190 2171 230 anctoritatem

267 263 441 303 maxime
470 266 728 315 sequuntur,
774 275 866 300 raro
896 261 1006 300 enim
1034 259 1101 300 vel
1129 274 1213 300 non
1242 261 1395 301 factum
1432 273 1548 310 csse,
1594 267 1640 299 ut
1674 262 1768 315 quis
1803 276 1954 302 nomen
1990 276 2111 302 sunm
2149 276 2170 302 a

265 329 488 373 maioribus
518 331 710 372 traditum
740 330 935 371 variando
965 336 1243 370 commutaret.
1310 330 1524 369 Praeterea
1554 337 1816 371 monumenta
1846 331 2042 373 adferunt
2064 333 2171 373 anti·

266 415 371 459 qua,
416 399 599 457 lapidum
624 400 914 457 inscriptiones
945 412 1312 457 nummorumque,
1357 398 1509 456 quibus
1538 401 1716 440 maxima
1747 414 1907 457 semper
1934 403 2170 444 adhibenda

264 473 368 513 fides
409 473 486 511 sit..
543 473 697 512 Contra
739 472 817 511 hoc
856 486 954 511 vcro
996 479 1284 527 argumentum
1324 478 1434 510 recte
1474 473 1553 509 iam
1583 471 1819 511 Ludovicus
1850 472 2050 528 Spalding
2083 490 2169 514 mo-

265 548 358 586 nuit
378 545 439 597 ⁷),
473 542 609 584 adhuc
639 532 804 583 nonnisi
835 558 963 583 nnnm
993 541 1171 597 lapidem
1202 556 1414 597 unumque
1439 556 1650 582 nummum
1681 556 1772 584 scse
1796 543 2062 598 cognovisse,
2095 545 2169 601 qui

265 616 593 672 Quinctiliannm
641 615 919 672 praeferrent,
981 628 1136 672 eosque
1170 614 1314 655 aetatis
1344 613 1607 670 Augusteae‚
1668 614 1786 653 cuius
1826 614 2069 669 scripturam
2100 629 2168 656 ve-

266 696 416 731 tustam
443 695 552 730 recte
583 688 761 744 appellat
791 692 831 726 et
867 700 1023 726 cascam
1062 700 1160 741 prae
1191 685 1441 737 Quintiliani
1476 685 1669 725 rhetoris.
1746 686 1840 737 Quo
1876 685 2058 736 accedit,
2105 693 2166 736 ut,

264 762 451 819 quamvis
487 760 643 816 lapides
676 760 916 815 nummique
952 758 1122 800 inscribi
1157 760 1447 800 consueverint
1486 757 1539 799 ad
1580 759 1794 814 antiquum
1831 772 2012 809 morem,
2071 772 2169 799 usus

263 839 399 874 tamen
438 832 651 872 familiaris
687 845 799 871 suam
840 831 1036 871 rationem
1080 831 1356 872 enunciationi
1400 830 1742 872 accommodatam
1781 836 1902 885 atque
1942 829 2168 871 faciliorem

264 905 410 960 procul
441 902 568 943 dubio
599 903 752 944 inierit.
816 891 1033 943 Difficilior
1065 908 1128 942 est
1152 900 1204 942 ad
1229 902 1529 955 refellendum,
1562 904 1681 944 cuius
1712 903 1845 957 primo
1874 902 1966 943 loco
1995 903 2166 942 mentio-

264 988 359 1016 nem
400 974 481 1014 feci
517 974 702 1014 rationis.
767 974 801 1012 F
805 973 1053 1014 undamento
1092 974 1202 1014 enim
1241 975 1388 1014 nititur
1427 976 1526 1014 satis
1556 974 1719 1024 valido,
1766 974 2005 1027 praesertim
2040 989 2169 1028 quum

265 1048 354 1101 ipse
384 1044 667 1097 Quintilianus
694 1059 787 1085 cum
812 1045 855 1084 in
886 1044 1056 1095 ceteris,
1101 1051 1186 1084 tum
1223 1046 1354 1101 magis
1384 1046 1504 1086 etiam
1535 1047 1579 1086 in
1610 1047 1786 1101 propriis
1812 1045 2048 1087 nominibus
2078 1062 2169 1088 ver-

264 1116 411 1156 borum
443 1115 595 1170 origini
625 1128 819 1169 magnum
862 1115 1110 1154 concesserit
1161 1122 1412 1155 momentum
1445 1115 1511 1172 S),
1571 1118 1622 1156 iis
1663 1124 1822 1167 autem,
1876 1119 1950 1171 qui
1991 1117 2170 1171 neglecti

266 1188 391 1243 etymi
419 1186 699 1227 defensionem
726 1184 1023 1226 consuetudine
1057 1200 1156 1227 usus
1188 1184 1408 1227 famaliaris
1435 1185 1645 1229 suffulcire
1687 1193 1915 1240 conantur,
1959 1193 2071 1230 recte
2097 1203 2169 1244 op·

264 1273 417 1316 ponas,
463 1256 800 1298 consuetudinem
843 1256 894 1298 ab
934 1257 1077 1298 eodem
1117 1256 1293 1313 intelligi
1333 1254 1578 1299 consensum
1609 1258 1885 1310 eruditorum,
1930 1273 2006 1300 nec
2035 1260 2080 1298 in
2109 1259 2169 1300 lo-

265 1329 431 1387 quendo
460 1329 527 1370 vel
566 1327 808 1381 scribendo,
855 1331 890 1369 si
932 1330 1033 1386 quid
1062 1329 1202 1370 multis
1238 1328 1463 1381 insederit,
1508 1331 1642 1370 statim
1676 1345 1751 1384 pro
1789 1330 1932 1386 regula
1968 1331 2170 1371 sermonis

264 1406 394 1460 accipi
415 1402 469 1460 9).
531 1401 814 1443 Nihilominus
851 1416 944 1443 cum
985 1400 1193 1443 veteribus
1232 1400 1480 1454 Quintiliani
1523 1401 1749 1445 editoribus
1786 1410 1880 1445 ante
1920 1402 2167 1454 Gibsonum,

263 1477 336 1531 qui
365 1476 522 1529 primns
552 1472 577 1514 ὅ
605 1472 709 1513 illud
735 1472 785 1513 de
817 1487 892 1513 suo
923 1472 1085 1513 videtur
1110 1472 1410 1528 addidissem),
1449 1480 1572 1529 atque
1604 1474 1902 1516 recentioribus
1928 1474 2172 1530 Spaldingio

263 1547 456 1601 Zumptio
489 1545 592 1599 quin
621 1545 746 1598 etymi
772 1545 951 1585 rationes
981 1545 1188 1598 negligam
1216 1544 1407 1599 equidem
1439 1559 1521 1584 non
1551 1559 1734 1599 possum.
1794 1544 1918 1597 Quod
1948 1551 1994 1585 ut
2022 1545 2171 1585 faciam

263 1618 412 1659 eximia
438 1614 687 1669 Quintiliani
717 1615 889 1654 sanitate
927 1628 1093 1654 moveor
1133 1612 1185 1653 ab
1225 1614 1339 1653 omni
1380 1614 1638 1655 affectatione
1675 1629 1799 1670 quam
1833 1615 2076 1661 alienissimi
2096 1617 2168 1673 1¹).

263 1691 443 1731 Tantum
473 1686 614 1738 abest,
650 1691 696 1726 ut
725 1685 902 1740 speciem
927 1684 1135 1726 doctrinae
1164 1699 1186 1724 a
1216 1691 1377 1725 vetusto
1406 1691 1565 1740 repetat
1592 1685 1800 1727 scribendi
1828 1686 1977 1738 modo,
2009 1693 2057 1727 ut
2086 1701 2169 1728 non

260 1761 394 1801 solum
451 1758 652 1808 aliorum,
714 1757 787 1797 sed
833 1758 900 1797 vel
937 1758 1151 1798 Ciceronis
1195 1753 1523 1811 orthographicis
1563 1756 1768 1797 idiomatis
1811 1758 2009 1798 iudicium
2048 1774 2169 1799 suum

263 1833 523 1885 interponere
553 1827 863 1883 grammaticum
896 1827 1035 1869 iubeat
1058 1827 1140 1883 1²),
1174 1827 1386 1868 Ciceronis
1412 1826 1532 1879 dico,
1565 1843 1688 1883 quem
1713 1828 1815 1870 alias
1842 1828 2027 1871 divinum
2053 1844 2170 1886 prae-

263 1902 371 1943 dicat
400 1901 658 1958 eloquentiae
688 1898 897 1953 exemplar
926 1904 968 1939 et
997 1897 1222 1939 doctrinae·
1284 1897 1379 1952 lpse
1408 1912 1531 1952 porro
1558 1898 1663 1938 dixit
1680 1900 1757 1954 13),
1791 1899 1904 1941 hunc
1930 1915 2021 1941 esse
2048 1916 2169 1941 usum

263 1975 500 2025 literarum,
561 1979 607 2013 ut
640 1971 873 2013 custodiant
909 1984 1029 2011 voces
1066 1977 1108 2012 et
1139 1969 1252 2011 velut
1283 1968 1514 2025 depositum
1544 1970 1716 2012 reddant
1746 1970 2006 2028 legentibus,
2045 1987 2170 2029 ·ergo

264 2048 324 2088 sic
354 2043 617 2087 scribendum
642 2044 827 2100 quidque
857 2057 975 2095 esse,
1009 2041 1213 2099 quomodo
1244 2047 1386 2094 sonet3
1413 2042 1634 2096 putabisne
1663 2044 1707 2083 in
1735 2057 1811 2083 suo
1840 2043 1973 2098 ipsius
2002 2045 2169 2085 nomine

264 2133 378 2159 suam
409 2120 541 2174 legem
572 2131 664 2157 eum
693 2114 952 2172 neglexisse?
1011 2114 1190 2156 Alteram
1217 2127 1427 2165 caussam,
1461 2129 1535 2155 cur
1565 2113 1589 2153 E
1614 2114 1718 2154 illud
1748 2129 1934 2156 censeam
1955 2115 2169 2156 eliminan-

265 2189 385 2238 dum,
429 2193 636 2243 praestant
666 2185 762 2225 libri
791 2200 915 2225 manu
945 2186 1111 2241 scripti,
1154 2198 1329 2241 quorum
1373 2199 1425 2225 ne
1462 2184 1573 2225 ullus
1612 2185 1778 2242 quidem
1817 2193 1925 2228 stare
1954 2186 2117 2229 videtur
2145 2202 2167 2227 a

305 2378 336 2411 7)
377 2376 409 2405 ἰη
432 2374 633 2414 praefatione
654 2373 810 2404 editionis
830 2384 905 2405 suae
927 2385 957 2413 p.
971 2375 1082 2405 XXV.

304 2430 336 2464 8)
376 2429 453 2458 Inst.
476 2433 554 2457 orat.
583 2429 617 2463 1,
642 2429 681 2463 6,
703 2430 752 2458 31.

304 2482 337 2517 9)
378 2481 456 2511 Inst.
477 2486 557 2511 orat.
581 2482 615 2517 1,
637 2481 674 2516 6,
696 2480 744 2511 44.
765 2489 812 2517 sq.

288 2534 339 2571 10)
379 2532 439 2562 His
459 2533 577 2563 nostris
597 2532 796 2572 temporibus
818 2542 891 2563 eum
913 2534 1013 2564 secuti
1034 2540 1106 2565 sunt
1128 2534 1300 2566 Frotscher
1321 2539 1352 2564 et
1374 2533 1485 2573 Sarpe.
1530 2532 1570 2564 V.
1594 2531 1815 2563 Westermann
1837 2533 1896 2563 l.c.
1920 2533 1943 2570 ς.
1955 2534 2005 2564 80.
2029 2543 2058 2564 n.
2074 2537 2099 2564 1.

288 2587 339 2623 11)
379 2584 456 2614 Inst.
480 2592 558 2615 orat.
582 2588 596 2616 1
608 2607 618 2623 ,
639 2588 678 2623 6,
699 2588 748 2617 40.

288 2639 338 2675 12)
380 2637 456 2668 Inst.
479 2644 558 2668 orat.
581 2641 616 2677 1,
640 2642 673 2675 7,
693 2638 837 2671 11-30.

289 2694 339 2728 13)
380 2693 457 2722 Inst.
480 2697 559 2721 orat.
583 2695 619 2728 l,
640 2695 675 2728 ⁷,
696 2695 746 2723 31.
