2417 3023
1062 96 1354 137 —10—

252 209 341 263 ipse
372 210 656 263 Quintilianus
696 225 787 253 sese
823 211 1038 266 profitetur
1075 218 1116 252 et
1143 210 1303 251 Plinius
1342 212 1386 250 in
1426 211 1689 266 epistolarum
1730 212 1839 253 libro
1878 213 2058 255 secundo
2081 213 2155 269 ²3).

243 280 511 335 'Quintiliano
546 298 675 337 puero
715 290 762 323 ut
794 284 977 323 Passieni
1019 285 1078 323 sic
1119 284 1208 323 eius
1250 298 1416 338 quoque
1454 284 1631 338 insignis
1667 298 1742 338 pro
1771 282 1986 327 Voluseno
2014 284 2158 328 Catulo

252 356 382 395 oratio
419 354 629 396 ferebatur
649 355 722 412 24),
800 354 1146 397 Adulescentulus
1183 369 1321 396 senem
1361 369 1454 396 eum
1484 354 1613 396 coluit
1640 354 1947 409 Quintilianus,
1993 365 2041 398 ut
2075 372 2159 399 non

252 425 353 467 lecta
382 432 540 467 tantum
571 427 670 469 huic
695 428 778 468 sint
802 428 952 482 scripta
982 428 1060 466 viri
1090 427 1215 478 docti,
1247 426 1320 467 sed
1349 428 1545 483 pleraque
1572 442 1624 469 ex
1652 429 1743 483 ipso
1772 428 1936 484 cognita
1957 425 2027 483 ²⁵).
2092 429 2159 470 Iu·

251 498 365 536 venis
398 497 520 537 verba
551 497 751 552 quaedam
782 512 832 537 ex
864 496 936 536 illo
976 498 1159 551 excepit,
1225 498 1297 551 qui
1339 498 1636 552 interroganti,
1693 513 1815 553 quem
1855 497 2034 538 Homero
2074 513 2159 540 cre·

250 567 364 608 deret
395 569 570 609 maxime
596 568 786 609 accedere
811 588 825 605 »
841 567 1087 619 Secundus,
1117 568 1276 623 inquit,
1310 573 1373 608 est
1392 567 1623 623 Virgilius,
1656 569 1825 623 propior
1848 574 1984 610 tamen
2009 569 2157 624 primo,

250 653 374 693 quam
406 641 525 680 tertio
540 659 553 675 ε
570 640 641 696 2⁶).
706 640 915 695 Cognovit
945 655 1038 681 eum
1061 654 1200 680 senem
1222 638 1386 694 quidem
1400 668 1414 691 ,
1445 639 1518 680 sed
1538 639 1700 681 dicendi
1725 640 1918 682 facultate
1939 640 2160 696 plurimum

250 709 455 749 valentem
468 710 542 762 27).
608 709 693 750 Sed
710 710 814 750 vidit
830 725 997 766 quoque
1018 725 1222 750 summum
1244 709 1359 749 illum
1381 717 1580 750 oratorem
1612 711 1756 750 valde
1782 725 1950 751 senem
1978 710 2160 766 quotidie

251 780 406 835 aliquid
432 795 484 821 ex
515 796 589 832 ea,
635 797 756 836 quam
787 788 1015 832 meruerat,
1058 782 1299 821 auctoritate
1328 779 1594 834 perdentem,
1643 788 1689 822 ut
1718 787 1864 838 agente
1895 780 1996 833 illo,
2038 796 2160 837 quem

251 852 477 906 principem
510 852 641 894 fuisse
672 852 876 909 quondam
909 853 989 894 fori
1024 867 1107 893 non
1130 857 1216 893 erat
1238 850 1433 903 dubium,
1465 851 1552 903 alii,
1582 852 1694 908 quod
1714 852 1930 908 indignum
1954 851 2158 904 videatur,

249 923 460 974 riderent,
504 924 575 963 alii
600 924 897 965 erubescerent.
975 925 1030 963 Et
1059 925 1147 977 ipse
1179 922 1463 974 Quintilianus
1492 921 1680 962 confiteri
1712 938 1795 964 non
1826 922 2009 974 dubitat,
2054 922 2159 964 dicta

251 995 340 1033 eius
367 1009 450 1034 non
478 995 581 1035 mala
610 995 805 1050 quidem,
851 994 925 1036 sed
954 996 1112 1035 minora
1143 1001 1279 1034 tamen
1310 994 1438 1034 fuisse
1469 1000 1554 1034 tum
1579 993 1652 1051 ²8).
1713 994 1906 1036 Mortuus
1933 1000 2068 1036 autem
2099 1002 2161 1036 est

251 1064 456 1104 Domitius
487 1063 593 1105 Afer
622 1080 731 1106 anno
761 1063 848 1117 60,
882 1066 943 1111 ‘C.
972 1064 1197 1119 Vipstano,
1246 1063 1294 1104 C.
1330 1064 1499 1105 Fonteio
1531 1064 1730 1119 Capitone
1762 1065 1881 1106 Coss.
1908 1065 1981 1121 2⁹).
2045 1064 2158 1118 Quid

250 1136 376 1189 igitur
410 1135 506 1174 iude
543 1136 821 1190 colligamus?
892 1136 1002 1175 Illud
1032 1137 1121 1174 sine
1153 1134 1304 1184 dubio,
1352 1141 1537 1188 tempus,
1582 1149 1665 1188 quo
1692 1135 2041 1175 adolescentulum
2069 1149 2159 1174 sese

250 1206 465 1247 dicendum
497 1209 656 1260 putavit
672 1206 980 1259 Quintilianus,
1015 1208 1048 1247 i.
1066 1222 1103 1248 e.
1137 1221 1291 1246 annum
1321 1207 1465 1247 aetatis
1496 1205 1696 1249 decimum
1724 1213 1913 1263 quartum
1940 1212 2011 1248 aut
2038 1207 2158 1262 quin·

250 1283 361 1328 tum,
404 1277 574 1333 propius
603 1276 731 1320 fuisse
763 1291 871 1319 anno
899 1274 987 1329 50,
1031 1291 1153 1333 quam
1184 1273 1262 1317 60.
1325 1276 1467 1318 Minus
1499 1278 1607 1318 enim
1638 1277 1834 1333 temporis
1864 1278 2039 1333 spatium
2068 1290 2158 1318 esse

251 1362 333 1388 non
372 1355 505 1403 potest
546 1352 654 1390 inter
692 1364 831 1390 senem
869 1357 909 1389 et
946 1350 1063 1389 valde
1101 1362 1267 1399 senem,
1318 1351 1426 1389 inter
1458 1364 1663 1389 summum
1702 1350 1845 1389 florem
1876 1356 1917 1390 et
1944 1350 2157 1390 hominum

247 1421 334 1459 sive
360 1427 639 1471 contemtum,
682 1422 770 1461 sive
797 1422 1126 1471 miserationem,
1170 1420 1280 1459 inter
1308 1418 1658 1461 adolescentulum
1684 1419 1862 1476 denique
1892 1419 2159 1461 admirantem

246 1496 286 1531 et
316 1504 440 1542 eum,
500 1492 573 1547 qui
605 1505 681 1532 suo
712 1490 865 1533 iudicio
898 1491 1029 1532 fretus
1060 1489 1306 1542 confitetur,
1362 1505 1445 1532 non
1476 1490 1603 1531 malas
1631 1490 1825 1547 quidem,
1878 1490 1950 1532 sed
1980 1492 2159 1532 minores

246 1569 380 1602 tamen
408 1563 748 1616 praestantissimi
780 1564 1057 1616 praeceptoris
1089 1577 1179 1602 esse
1210 1563 1430 1602 orationes.

434 1632 550 1683 Quae
594 1647 721 1686 quum
764 1634 818 1672 ita
862 1633 946 1671 sint
987 1638 1098 1672 recte
1139 1630 1259 1672 nobis
1302 1632 1490 1673 videmur
1531 1633 1792 1683 existimare,
1850 1630 2155 1683 Quintilianum

246 1703 353 1743 circa
382 1716 537 1742 annum
566 1699 652 1753 58,
697 1708 789 1742 ante
818 1707 954 1742 tamen
984 1687 1150 1756 potiuS,
1195 1715 1317 1755 quam
1349 1707 1441 1755 post
1470 1707 1610 1741 natum
1643 1715 1748 1741 esse.
1812 1695 1882 1740 Sic
1912 1700 2021 1740 enim
2052 1698 2156 1739 bene

248 1776 383 1814 omnia
416 1776 685 1814 conveniunt.
762 1775 870 1814 Puer
906 1774 958 1813 ad
995 1773 1144 1814 claram
1188 1779 1287 1813 tunc
1319 1774 1502 1813 Passieni
1534 1773 1758 1813 orationem
1796 1772 2050 1826 Domitiique
2080 1785 2155 1825 pro

249 1845 459 1886 Voluseno
490 1847 671 1885 animum
704 1852 862 1900 poterat
891 1844 1130 1895 advertere,
1160 1842 1378 1882 admodum
1410 1843 1572 1882 iuvenis
1600 1841 1780 1882 Senecae
1809 1840 2155 1896 disputationibus

247 1915 490 1972 quibusdam
534 1918 760 1968 interesse,
819 1916 982 1957 iuvenis
1022 1915 1145 1956 verba
1188 1915 1358 1955 Domitii
1396 1916 1611 1969 excipere,
1672 1915 1910 1956 adolescens
1947 1920 2153 1954 accusato-

247 2002 331 2028 rem
370 1987 605 2028 Cossutiani
656 1988 825 2039 audire,
885 1987 1063 2043 denique
1114 1986 1446 2027 adolescentulus
1501 1986 1727 2026 Domitium
1777 2000 1917 2027 senem
1968 1984 2152 2041 quidem,

246 2056 319 2097 sed
342 2059 575 2114 eloquentia
607 2060 704 2098 satis
733 2050 954 2113 pollentem
985 2057 1146 2108 colere,
1182 2056 1358 2098 eundem
1384 2056 1501 2097 valde
1527 2071 1665 2097 senem
1692 2056 1823 2112 gradu
1848 2070 1924 2096 suo
1950 2056 2152 2096 deiectum

246 2128 399 2169 dolere.
462 2130 615 2171 Contra
652 2145 699 2171 ea
738 2132 811 2185 qui
850 2145 943 2171 cum
979 2129 1193 2170 Dodwello
1222 2144 1377 2170 annum
1414 2128 1476 2169 42
1503 2129 1752 2183 Quintiliani
1793 2126 1971 2168 natalem
2011 2124 2150 2176 habet,

247 2200 369 2240 variis
400 2206 561 2241 tenetur
589 2200 915 2241 difficultatibus.
979 2202 1165 2252 Etenim,
1207 2207 1254 2242 ut
1283 2206 1415 2241 cetera
1447 2199 1680 2256 negligam,
1714 2198 1899 2240 Passieni
1928 2197 2152 2237 orationem

243 2270 532 2325 Quintilianus
556 2285 639 2312 non
667 2272 811 2315 audire
840 2273 987 2326 modo,
1020 2273 1093 2314 scd
1121 2288 1173 2314 ne
1200 2278 1385 2327 spectare
1415 2271 1579 2328 quidem
1612 2272 1842 2327 potuisset,
1876 2274 2016 2324 utpote
2035 2264 2154 2306 5-6

242 2340 407 2380 demum
437 2353 569 2379 annos
599 2348 733 2381 natus.
799 2343 852 2382 Et
882 2358 1020 2383 revera
1054 2341 1290 2383 Dodwellus
1321 2340 1363 2379 id
1394 2348 1517 2396 negat
1546 2348 1686 2380 contra
1708 2345 1892 2393 apertum
1916 2338 1997 2378 loci
2019 2336 2151 2388 Quin-

243 2410 399 2452 tilianei
430 2425 613 2451 sensum.
686 2412 884 2454 Senectus
914 2421 1047 2455 autem
1082 2413 1253 2455 Domitii
1285 2411 1550 2467 eiusdemque
1581 2418 1759 2453 extrema
1790 2416 1979 2454 senectus
2008 2408 2151 2450 arctio-

261 2559 312 2595 23)
354 2558 440 2587 Plin-
464 2567 539 2596 epp.
563 2557 602 2593 2,
628 2556 672 2585 14.
1218 2557 1270 2590 24)
1313 2555 1388 2585 Inst-
1413 2560 1492 2584 orat.
1517 2556 1571 2592 10,
1595 2557 1628 2590 1,
1649 2556 1698 2586 24.

262 2612 312 2647 25)
356 2612 432 2640 lust.
456 2617 533 2639 orat.
559 2611 596 2644 5,
620 2611 649 2646 7,
671 2610 698 2637 7.
1220 2610 1272 2645 26)
1313 2607 1388 2637 Inst.
1410 2613 1490 2637 orat.
1513 2609 1568 2645 1⁰,
1593 2610 1628 2642 1,
1649 2608 1698 2638 86.

263 2665 315 2699 27)
359 2663 433 2692 lnst.
455 2669 534 2692 orat.
562 2664 616 2698 10,
643 2664 676 2695 t,
701 2663 765 2691 118.
1220 2663 1272 2698 28)
1315 2660 1389 2691 Inst.
1413 2666 1492 2690 orat.
1519 2661 1570 2697 12,
1595 2661 1648 2695 11,
1669 2661 1698 2689 3.

262 2717 313 2748 29)
355 2716 431 2746 Tac.
452 2725 523 2746 ann.
555 2716 609 2747 14,
634 2715 679 2744 19.
