2417 3023
1064 126 1326 167 —AE—

238 251 353 300 parte
385 243 546 286 diversa
572 243 640 300 ι4).
719 244 872 299 Quod,
917 250 961 285 ut
990 245 1043 284 ab
1074 245 1230 299 ignaris
1256 244 1499 301 plerumque
1531 244 1654 287 medii
1684 250 1775 288 aevi
1802 249 1981 290 librariis
2007 250 2147 304 scripti

237 318 321 355 sint
350 316 536 366 codices,
571 318 606 355 si
636 319 660 356 ὃ
687 317 792 357 illud
818 322 926 357 esset
955 316 1182 370 genuinum
1198 343 1211 367 ‚
1248 322 1357 356 recte
1382 317 1599 355 mirareris.
1666 318 1813 373 Neque
1840 321 1949 360 enim
1974 319 2024 360 de
2050 334 2147 360 voce

237 387 412 444 quadam
443 387 580 442 agitur
611 388 721 430 inter
750 389 899 430 multas
929 389 1032 429 alias
1075 388 1209 429 minus
1248 386 1353 428 forte
1391 385 1631 439 observata,
1682 387 1755 430 sed
1786 387 1836 430 de
1875 391 2040 433 nomine
2071 390 2149 431 viri

239 458 346 513 apud
379 464 566 512 posteros
598 461 751 515 pariter
780 466 904 517 atque
934 461 1043 500 inter
1075 473 1173 500 suos
1204 459 1414 500 celebrati.
1479 454 1596 500 Unus
1620 466 1728 502 certe
1753 475 1887 502 veram
1911 461 2010 501 clari
2036 461 2149 502 illius

238 531 415 571 nominis
446 531 687 585 scripturam
718 539 789 572 aut
819 533 1040 588 vestigium
1078 531 1169 572 eius
1200 529 1388 585 quamvis
1417 527 1671 572 levissimum
1701 530 1823 573 credo
1849 535 2146 584 conservasset,

237 603 271 642 si
304 601 472 658 vulgata
500 602 648 644 fuisset
677 602 799 643 dubia
828 603 894 644 vel
926 604 1047 645 etiam
1081 601 1200 642 salsa.
1264 599 1351 641 Nec
1379 598 1429 640 de
1460 599 1511 639 iis
1539 600 1661 642 modo
1687 601 1861 658 loquor,
1895 604 1966 659 qui
1990 609 2150 658 praesto

238 680 334 713 sunt
368 675 638 714 institutionis
666 675 893 725 oratoriae,
927 674 999 715 sed
1030 675 1276 729 scriptorum
1308 684 1473 726 quoque
1500 670 1758 724 Quintiliano
1789 673 2045 729 aequalium,
2078 674 2151 729 qui

238 747 418 785 nominis
452 746 539 785 eius
570 746 807 785 memoriam
837 745 1119 801 reliquerunt,
1164 743 1372 784 Iuvenalis
1390 741 1467 798 l⁵),
1511 742 1635 783 Plinii
1665 742 1845 785 Secundi
1863 744 1941 800 ι6),
1983 745 2149 784 Martia·

237 815 290 857 lis
312 816 380 872 ¹⁷).
447 815 583 855 Etiam
615 814 724 870 apud
757 814 980 857 Gruterum
1012 823 1053 858 et
1081 813 1352 857 Mun-utorium
1388 812 1572 868 exempla
1617 814 1795 856 nominis
1829 815 1951 856 huius
1980 814 2097 856 litera
2128 808 2154 855 (ἶ

237 888 414 929 carentis
440 887 773 943 frequentissima
806 894 919 928 sunt.

429 957 572 998 Altera
603 959 814 1014 quaestio,
855 974 978 1015 quam
1016 964 1110 999 ante
1145 956 1274 1012 ipsius
1307 955 1366 995 rei
1400 955 1631 1010 ingressum
1664 956 1956 997 instituendam
1988 958 2145 1011 putavi,

238 1034 299 1069 est
327 1028 377 1068 de
404 1035 517 1083 patre
550 1035 590 1070 et
620 1044 721 1080 avo,
756 1044 878 1085 quem
907 1030 1066 1080 dicunt,
1100 1026 1365 1082 Quintiliani.
1429 1025 1547 1066 Illius
1570 1028 1658 1082 ipse
1680 1030 1929 1071 mentionem
1951 1029 2048 1071 fecit
2065 1029 2146 1087 ¹⁸),

236 1100 286 1138 Et
315 1112 413 1150 cur,
447 1100 607 1154 inquit,
642 1114 704 1139 me
733 1099 926 1154 prohibet
953 1098 1085 1154 pudor
1110 1100 1170 1139 uti
1197 1098 1419 1139 domestico
1445 1097 1664 1153 exemplo?
1723 1099 1844 1140 Pater
1870 1115 1984 1141 meus
2008 1107 2149 1142 contra

237 1185 354 1221 eum,
389 1170 460 1225 qui
490 1185 534 1211 se
563 1169 761 1226 legationi
788 1172 1090 1212 immoriturum
1119 1169 1300 1223 dixerat,
1333 1168 1481 1210 deinde
1512 1170 1581 1210 vix
1611 1170 1753 1224 paucis
1782 1168 1928 1211 diebus
1957 1171 2148 1212 insumtis

236 1256 280 1282 re
312 1241 462 1283 infecta
492 1242 696 1284 redierat:
761 1242 885 1283 »Non
918 1243 1064 1298 exigo,
1098 1249 1144 1282 ut
1169 1243 1413 1283 immoriaris
1443 1241 1664 1298 legationi,
1697 1241 1929 1282 immorare.
1949 1262 1962 1277 ι
2024 1242 2148 1295 Quali

237 1327 333 1353 vero
363 1312 598 1355 conditione
629 1329 729 1355 usus
758 1315 835 1364 sit,
869 1327 949 1369 qua
982 1314 1024 1352 in
1053 1312 1154 1354 urbe
1182 1315 1306 1355 vitam
1337 1314 1521 1370 degerit,
1550 1327 1601 1353 ne
1627 1310 1771 1363 multa,
1807 1311 1910 1353 nihil
1938 1320 2146 1367 praeterea

238 1382 288 1424 de
319 1397 367 1423 eo
400 1385 617 1425 memoriae
648 1383 855 1439 proditum
887 1390 964 1424 est.
1039 1383 1300 1441 Quamquam
1339 1384 1445 1424 nihil
1484 1381 1747 1439 repugnabo,
1798 1383 1833 1421 si
1871 1384 1943 1438 qui
1978 1397 2028 1424 ex
2059 1385 2148 1439 ipso

238 1454 488 1508 Quintiliani
529 1456 621 1497 loco
664 1455 887 1512 colligant,
936 1471 1028 1496 eum
1070 1456 1224 1497 Romae
1267 1457 1418 1497 vixisse
1455 1455 1716 1509 rhetorisque
1754 1467 1921 1494 munere
1945 1453 2148 1496 functum

236 1541 324 1567 esse
355 1527 427 1583 19).

425 1599 561 1639 Avum
592 1605 726 1639 autem
760 1599 837 1637 viri
876 1597 984 1638 docti
1022 1612 1222 1654 cognosse
1262 1598 1341 1640 sibi
1379 1601 1454 1640 visi
1491 1607 1589 1641 sunt
1618 1599 1674 1656 2⁰)
1719 1614 1770 1640 ex
1807 1599 1867 1638 Μ.
1901 1598 2055 1639 Seneca
2085 1596 2148 1637 bis

235 1669 279 1708 in
309 1667 428 1709 libris
464 1670 833 1710 controversiarum
872 1667 1075 1708 rhetorem
1119 1668 1324 1723 quendam
1370 1669 1673 1721 Quintilianum
1718 1669 1926 1710 laudante.
2013 1667 2150 1708 Semel

237 1742 345 1781 enim
377 1740 557 1795 exempli
589 1742 719 1796 gratia
751 1755 843 1780 eum
876 1738 1083 1780 adducens
1114 1741 1156 1779 in
1187 1742 1463 1782 controversia
1496 1740 1545 1781 de
1574 1740 1670 1792 illo,
1715 1742 1786 1796 qui
1816 1738 2050 1796 fingebatur
2079 1737 2148 1780 de·

235 1812 418 1853 bilitasse
442 1813 678 1867 expositos,
718 1818 763 1851 ut
791 1825 863 1865 per
894 1809 1172 1850 mendicantes
1202 1825 1271 1851 eos
1303 1811 1534 1853 debilitatos
1560 1813 1773 1866 pecuniam
1804 1811 1855 1851 ab
1886 1811 1976 1852 aliis
2006 1826 2148 1852 emun-

237 1890 352 1937 geret
377 1882 460 1935 21),
499 1884 617 1922 Circa
650 1882 784 1932 hunc,
817 1882 899 1932 ait,
919 1890 1096 1920 ‘sensum
1124 1887 1187 1920 est
1213 1888 1253 1921 et
1282 1882 1352 1923 ille
1379 1898 1400 1923 a
1436 1883 1695 1936 Quintiliano
1726 1882 1885 1923 dictus:
1950 1881 2146 1932 »Nesei0‚

239 1960 428 1994 utrumne
459 1969 531 1994 vos
561 1952 878 1994 miserabiliores
904 1951 1067 2001 dicam,
1097 1951 1209 2006 quod
1229 1953 1419 1996 alimenta
1442 1956 1651 2009 accipitis,
1687 1970 1740 1995 an
1770 1953 1879 2010 quod
1903 1953 2000 1995 huic
2023 1954 2142 1995 datis.

236 2024 433 2079 Accipitis
464 2025 601 2074 enim,
643 2022 754 2079 quod
784 2022 941 2064 debiles
971 2024 1097 2075 estis,
1137 2024 1175 2064 ei
1203 2022 1333 2076 datis,
1379 2039 1454 2080 per
1482 2039 1604 2080 quem
1636 2023 1793 2066 debiles
1823 2025 1936 2065 estis.
1956 2044 1969 2060 ι
2031 2023 2144 2064 Alte-

237 2109 327 2133 rum
359 2109 453 2134 vero
480 2095 614 2135 locum
646 2095 775 2149 magis
805 2095 924 2134 etiam
963 2094 1013 2133 ad
1045 2109 1131 2134 rem
1164 2097 1433 2148 pertinentem
1465 2097 1650 2136 invenies
1686 2097 1727 2135 in
1761 2096 2013 2150 praefatione
2039 2096 2147 2134 eius·

255 2241 307 2276 14)
350 2240 392 2272 V.
415 2240 526 2281 Spald.
551 2242 650 2282 praes.
675 2252 706 2283 p.
728 2241 858 2274 xxvl.
910 2243 979 2274 Nec
1001 2243 1034 2274 in
1056 2243 1224 2284 prooemio
1246 2242 1325 2273 libri
1347 2242 1449 2280 sexti,
1484 2241 1539 2272 ubi
1560 2241 1620 2272 filii
1641 2241 1692 2272 sui
1714 2240 1907 2273 Quintiliani
1929 2246 2038 2271 noster
2059 2249 2145 2272 men·

345 2294 464 2323 tionem
485 2295 583 2331 facit,
603 2296 731 2326 codices
749 2297 772 2326 ἶ
791 2296 876 2326 illud
899 2298 1063 2336 praebent.
1108 2299 1149 2328 V.
1174 2296 1363 2336 Spaldingii
1385 2301 1417 2327 et
1436 2295 1576 2335 Zumptii
1598 2301 1689 2326 notas
1712 2295 1843 2326 criticas
1863 2293 1902 2324 ad
1925 2293 1950 2330 §—
1973 2295 2002 2325 9.

256 2358 305 2395 15)
345 2358 458 2392 Iuven.
479 2357 546 2390 Sat.
569 2360 604 2396 6,
625 2361 673 2391 ⁷5.
696 2360 764 2391 280.
807 2361 842 2397 7,
865 2361 932 2393 186.

258 2423 307 2456 16)
348 2423 436 2453 Plin.
458 2432 533 2461 epp.
556 2424 593 2459 2,
616 2425 663 2453 14.
704 2425 741 2460 6,
761 2424 810 2454 32.

258 2487 306 2522 17)
348 2487 443 2518 Mart.
465 2486 572 2527 epigr.
594 2488 628 2525 2,
651 2489 690 2519 90
710 2488 752 2518 cf.
776 2493 852 2520 nota
873 2487 987 2520 critica
1009 2488 1254 2521 Schneidewini
1277 2487 1309 2518 in
1334 2488 1365 2519 h.
1390 2488 1410 2517 Ι.

258 2550 308 2585 18)
349 2549 424 2580 lust.
446 2556 527 2581 orat.
551 2552 589 2587 9,
611 2551 649 2587 3,
673 2553 720 2582 73.

257 2615 305 2644 19)
348 2614 388 2644 V.
409 2615 524 2644 Ancon.
548 2617 570 2644 l.
596 2626 624 2645 c.
647 2616 671 2652 §.
695 2617 763 2646 241.

255 2677 306 2711 2⁰)
347 2676 424 2707 Ger.
446 2676 584 2708 Vossius
605 2678 677 2710 inst.
695 2688 742 2708 or.
769 2681 803 2715 1,
828 2681 873 2710 ΙΙ.
916 2682 1077 2720 Anonym.
1101 2680 1134 2711 in
1157 2680 1220 2712 vita
1241 2679 1452 2717 Quintiliani,
1474 2679 1530 2711 alii
1552 2678 1653 2710 multi.
1698 2677 1739 2709 V.
1767 2679 1881 2711 amon.
1903 2680 1925 2712 Ι.
1946 2690 1973 2711 c.
1996 2680 2022 2717 §-
2045 2680 2092 2712 43.

256 2742 309 2774 21)
350 2740 395 2769 Μ.
417 2739 558 2771 Senecae
579 2748 721 2774 controv.
744 2745 781 2779 5,
803 2745 851 2774 33.
884 2754 915 2782 p.
935 2745 994 2775 352
1017 2745 1068 2774 ed.
1091 2746 1165 2785 Bip.
