2417 3023
1037 158 1327 199 ...21—

235 291 402 341 postea,
441 280 499 319 sie
526 278 597 319 illo
624 292 788 334 quoque
818 284 999 332 tempore
1030 284 1072 317 et
1102 278 1144 316 in
1176 277 1266 316 foro
1295 281 1335 315 et
1364 275 1406 314 in
1438 274 1575 315 schola
1607 282 1733 341 artem
1762 274 1907 317 orandi
1934 276 2128 316 exercuit.

236 356 282 395 Si
313 351 414 408 quid
445 365 624 406 unquam
653 364 743 389 eum
775 346 1078 402 impedivisset,
1114 347 1333 400 quominus
1359 344 1456 384 huie
1488 345 1620 385 officio
1646 336 1719 401 per
1754 355 1877 388 totam
1911 348 2033 386 vitam
2065 360 2134 385 ex·

235 424 486 479 optatissimo
531 419 735 468 studeret,
792 419 880 457 eius
909 416 970 455 rei
1017 415 1201 469 profecto
1246 430 1326 455 non
1383 402 1631 471 neglexisset
1672 432 1745 458 nos
1787 417 1875 459 data
1922 418 2135 459 occasione

233 495 546 602 admone''ii-nno
576 560 636 598 68
667 566 839 599 exeunte
870 574 892 597 a
924 557 1080 607 Galba,
1126 558 1303 617 Neronis
1343 573 1602 609 ⁵⁰⁰⁰⁰⁵s⁰r⁰⁷
1643 560 1795 615 dignus
1825 560 2018 611 habitus’
2063 562 2136 614 qui

231 650 273 675 se
306 634 592 682 comitaretur,
624 631 793 671 Romam
826 644 874 670 eo
908 628 1104 669 libentius
1137 629 1321 682 repetiit,
1355 644 1438 684 quo
1468 632 1601 670 minus
1633 638 1757 683 esset,
1787 630 1943 672 Seneca
1970 646 2015 672 ac
2047 631 2131 671 Ne-

231 719 330 746 rone
362 704 560 754 mortuis,
591 701 700 758 quod
731 715 751 741 a
781 706 896 755 parte
926 704 1130 739 oratorum
1157 697 1387 739 adversaria
1419 699 1496 739 sibi
1530 701 1703 742 timeret.

328 873 440 914 Quo
472 874 630 908 modo
665 873 717 907 et
747 871 992 916 quamdiu
1021 870 1219 906 Romae
1251 869 1595 910 Quintilianus
1627 872 1851 908 oratoris
1883 876 2036 919 atque

722 948 1071 994 praeceptoris
1105 946 1287 985 officio
1319 946 1527 983 functu-
1560 947 1639 984 sit.

423 1051 625 1106 Tempore
656 1057 961 1106 peropportuno
991 1050 1159 1090 Romam
1201 1063 1389 1089 reversus
1425 1055 1487 1089 est
1517 1047 1815 1102 Quintilianus.
1893 1051 1989 1091 Post
2027 1053 2134 1091 enim

233 1123 559 1163 infelicissimum
592 1122 769 1162 Neronis
815 1122 1029 1175 imperium
1069 1127 1110 1160 et
1145 1119 1267 1160 breve
1306 1119 1471 1175 quidem
1517 1120 1620 1159 illud
1660 1120 1730 1160 sed
1768 1122 1996 1176 inquietum
2039 1125 2135 1162 anni

232 1197 354 1234 unius
384 1195 558 1247 spatium
578 1221 591 1242 ,
631 1208 713 1247 quo
746 1192 904 1242 Galba,
945 1192 1085 1241 Otho,
1121 1191 1313 1230 Vitellius
1345 1190 1467 1231 rebus
1498 1192 1693 1230 Romanis
1723 1199 1961 1245 praeerant,
2009 1209 2134 1247 quum

233 1265 486 1319 Vespasiano
515 1271 555 1304 et
586 1263 682 1304 Tito
709 1262 1025 1318 imperatoribus
1059 1263 1187 1304 maior
1211 1261 1301 1303 orbi
1332 1263 1536 1303 evenisset
1571 1263 1708 1314 salus,
1754 1261 1962 1304 literarum
2001 1264 2134 1305 studia

232 1334 428 1390 vigebant
461 1335 578 1389 quasi
611 1349 632 1373 e
663 1335 838 1373 vinculis
868 1334 1066 1385 liberata,
1109 1327 1176 1373 ars
1204 1335 1404 1388 imprimis
1435 1333 1646 1374 rhetorica.
1714 1335 1995 1390 Vespasianus
2025 1337 2133 1375 enim

231 1406 334 1445 fovit
359 1404 523 1458 quidem
556 1406 719 1459 ingenia
749 1412 789 1444 et
818 1412 925 1444 artes
958 1406 1023 1443 vel
1054 1406 1252 1455 maxime,
1295 1405 1480 1444 rhetores
1518 1412 1654 1444 autem
1685 1405 1809 1456 adeo,
1854 1413 1900 1445 ut
1925 1409 2083 1460 primus
2113 1423 2135 1447 e

230 1475 330 1516 fiseo
361 1480 402 1514 et
429 1474 587 1515 Latinis
628 1482 666 1516 et
697 1474 866 1516 Graecis
897 1490 1031 1515 annua
1063 1481 1234 1516 centena
1265 1477 1532 1516 constitueret
1553 1475 1603 1532 l).
1667 1476 1719 1516 Et
1748 1492 1935 1533 magnam
1963 1479 2135 1519 oratoris

231 1546 369 1587 eximii
399 1546 573 1600 gloriam
604 1547 720 1586 brevi
751 1554 933 1601 tempore
957 1547 1000 1586 in
1028 1545 1099 1586 illa
1125 1561 1290 1602 quoque
1316 1546 1418 1588 urbe
1448 1547 1619 1603 adeptus
1649 1554 1725 1589 est.
1790 1548 1989 1588 Martialis
2019 1550 2135 1589 testis

231 1624 320 1667 est,
365 1618 438 1671 qui
468 1616 559 1655 loco
588 1631 709 1671 supra
742 1620 820 1657 iam
852 1620 974 1658 citato
1005 1618 1175 1673 gloriam
1201 1619 1408 1658 Romanae
1443 1626 1562 1675 togae
1593 1634 1685 1659 eum
1714 1627 1948 1675 nuncupat,
1993 1627 2035 1661 et
2066 1621 2133 1660 Iu-

229 1686 411 1737 venalis,
445 1701 691 1742 quamquam
725 1702 807 1727 uon
839 1689 1034 1727 virtutum
1067 1687 1212 1738 modo,
1246 1688 1318 1728 sed
1347 1690 1539 1729 vitiorum
1572 1704 1764 1746 quoque,
1799 1691 1835 1730 si
1864 1706 1969 1746 quae
2000 1699 2132 1744 erant,

231 1773 386 1799 memor
405 1758 457 1814 2).
535 1757 627 1812 lpse
655 1758 833 1814 denique
862 1758 968 1798 idem
997 1764 1182 1798 testatur.
1260 1758 1393 1808 Nam,
1439 1760 1624 1812 »Credo,
1672 1761 1833 1816 inquit,
1878 1761 1928 1801 ad
1968 1762 2133 1818 aliquod

229 1843 378 1869 nomen
409 1830 567 1883 ingenii
601 1845 665 1868 me
690 1832 956 1883 pervenisse«
977 1831 1038 1885 3)3
1080 1836 1119 1869 et
1148 1831 1229 1869 alio
1258 1832 1349 1870 loeo
1376 1832 1571 1870 „Fecisse
1602 1830 1680 1870 hoe
1710 1833 1751 1869 in
1785 1831 1897 1882 soro,
1943 1835 2133 1888 quotiens

227 1902 362 1956 aliqua
394 1903 449 1942 ita
483 1900 739 1940 desiderabat
777 1902 955 1951 utilitas,
1002 1900 1272 1954 probantibus
1314 1908 1355 1941 et
1396 1903 1568 1941 eruditis
1612 1911 1652 1942 et
1694 1905 1744 1942 iis
1787 1905 1857 1958 qui
1900 1904 2135 1945 iudicabant

226 1974 364 2026 seio«;
397 1988 472 2014 uec
498 1980 736 2028 arroganter
761 1972 803 2012 id
834 1987 877 2013 se
901 1972 1053 2012 dixisse
1083 1978 1313 2025 asseverat3
1347 1987 1436 2013 esse
1466 1974 1574 2013 enim
1600 1973 1816 2028 plurimos,
1849 1975 1921 2029 qui
1943 1989 1988 2014 se
2012 1975 2133 2016 refel-

227 2044 311 2085 lere
341 2050 534 2099 possent,
580 2044 615 2083 si
647 2046 888 2084 mentiretur
906 2044 960 2102 4).
1041 2045 1251 2084 Praeterea
1284 2043 1387 2083 illud
1417 2059 1582 2101 quoque
1613 2045 1784 2101 gloriam
1815 2047 1904 2086 eius
1935 2046 2130 2098 ostendit,

228 2115 338 2171 quod
371 2114 561 2170 discipuli
593 2129 802 2155 sermones
833 2117 922 2156 eius
952 2116 1002 2155 de
1031 2122 1116 2154 arte
1143 2114 1344 2155 rhetorica
1382 2115 1569 2167 habitos,
1615 2119 1762 2157 notarii
1794 2119 1974 2158 actiones
2015 2134 2130 2158 exce-

227 2194 317 2242 ptas
347 2187 592 2242 evulgarunt
612 2184 665 2243 ⁵).
731 2187 896 2228 Homini
924 2187 1031 2228 euim
1062 2201 1204 2242 parum
1236 2185 1405 2242 probato
1437 2181 1719 2244 id'nunquam
1751 2188 1914 2230 accidit.

419 2257 635 2312 Superstes
671 2264 804 2296 autem
844 2265 906 2297 est
949 2260 1184 2310 actionum,
1237 2272 1339 2313 quas
1376 2256 1545 2308 habuit,
1595 2258 1730 2310 nulla,
1785 2275 1860 2300 nec
1885 2260 1953 2301 illa
1987 2262 2130 2302 Naevii

230 2328 471 2382 Arpiniani,
527 2344 674 2383 quam,
727 2335 772 2367 ut
807 2328 937 2369 libere
968 2330 1142 2381 fatetur,
1191 2327 1362 2367 iuvenili
1393 2328 1547 2382 gloriae
1577 2330 1799 2383 cupiditate
1826 2332 1973 2371 duetus
2003 2335 2128 2371 solam

276 2526 304 2558 Ι)
345 2521 431 2551 Suet.
456 2520 555 2559 Vesp.
589 2530 614 2550 c.
640 2520 685 2550 18.
737 2520 807 2549 Hoc
837 2520 979 2558 praemio
1008 2521 1086 2558 quin
1116 2521 1210 2553 etiam
1232 2522 1450 2554 Quintilianus
1481 2523 1600 2552 fructus
1629 2522 1671 2552 sit
1695 2532 1758 2553 non
1780 2524 1908 2560 dubito,
1942 2534 2130 2562 quamquam

345 2574 427 2603 sama
449 2572 489 2602 de
513 2582 551 2603 ea
572 2582 607 2602 re
627 2572 666 2603 ad
690 2582 746 2603 nos
769 2574 892 2613 perlata
913 2584 975 2605 non
996 2582 1053 2605 est.

275 2644 307 2679 2)
347 2641 456 2669 loven.
480 2640 547 2670 Sat.
571 2643 608 2675 6,
630 2642 676 2670 75.
720 2643 749 2675 7,
774 2643 831 2671 186
851 2651 921 2679 sqq.
962 2645 996 2676 6,
1018 2644 1087 2673 280.

274 2712 306 2745 3)
346 2709 423 2738 lust.
445 2713 524 2737 orat.
547 2710 584 2744 6,
605 2710 641 2743 2,
663 2710 712 2738 36.
1236 2712 1267 2745 4)
1310 2711 1386 2740 lust.
1410 2717 1489 2741 orat.
1512 2712 1547 2743 4,
1571 2711 1607 2745 2,
1630 2712 1668 2740 εδ

274 2777 305 2809 5)
348 2776 424 2806 lust.
446 2780 524 2805 orat.
549 2777 583 2811 Ι,
612 2784 753 2814 prooem.
777 2777 803 2805 ⁷.
844 2776 880 2810 3,
903 2776 940 2811 6,
960 2776 1010 2806 68.
1054 2778 1082 2813 ⁷,
1102 2777 1138 2813 2,
1160 2777 1209 2808 24.
