2417 3023
1062 144 1353 186 —17-

253 260 381 299 raudo
412 271 517 313 quae
548 256 651 298 salsa
680 266 843 311 essent,
888 259 930 299 id
961 259 1072 314 quod
1104 262 1305 316 imprimis
1336 260 1486 301 subtile
1518 269 1559 301 et
1588 262 1809 301 oratorium
1842 261 1997 302 iudicat
2026 261 2159 314 Quin-

253 329 420 370 tilianus
439 327 517 380 ¹²),
560 330 660 368 mire
692 337 777 370 erat
802 336 1028 380 venustus,
1075 338 1116 371 et
1144 331 1375 385 complures
1405 331 1643 371 huiusmodi
1675 334 1927 373 narrationes
1951 333 2041 372 eius
2072 347 2161 372 ora-

253 397 433 439 tionibus
454 400 631 439 insertae
653 401 963 455 reperiebantur
984 400 1055 453 ¹³).
1117 400 1183 439 Ne
1214 401 1359 450 multa,
1395 402 1519 440 risum
1553 401 1741 440 movendi
1769 416 1858 441 non>
1880 403 2012 442 solum
2044 402 2162 441 valde

252 470 458 512 studiosus
499 471 607 522 fuit,
657 471 730 512 sed
763 471 935 511 maxime
970 471 1092 511 etiam
1145 485 1324 525 gnarus,
1372 478 1607 527 tantamque
1649 470 1729 512 sibi
1771 475 2020 526 comparavit
2065 472 2161 513 inde

251 541 422 598 gloriam
454 549 495 582 et
526 557 700 592 nomen,
744 551 790 583 ut
828 549 966 583 essent
1003 543 1075 598 qui
1117 541 1223 582 dicta
1260 543 1312 581 ab
1350 556 1398 583 eo
1440 541 1597 583 urbane
1634 543 1873 598 exciperent
1897 536 1943 583 'et
1970 559 2020 584 ex
2048 558 2159 584 more

251 613 412 654 illorum
434 621 662 667 temporum
685 616 835 668 scripta
863 614 1044 654 ederent.
1094 614 1155 653 lta
1181 620 1314 652 tamen
1337 612 1413 651 hac
1445 614 1602 666 ingenii
1630 613 1824 653 facultate
1851 630 1949 653 usus
1972 623 2033 655 est
2058 622 2159 655 teste

251 682 509 736 Quintiliano
532 683 611 738 ι4),
653 692 697 724 ut
728 684 880 724 malitia
912 683 1154 738 plerumque
1176 681 1389 723 abstinens
1419 696 1550 737 genus
1581 684 1673 723 lene
1710 686 1968 738 potissimum
2000 684 2158 725 excole-

251 761 327 793 ret.
392 755 440 793 ln
471 756 685 795 sententiis
717 754 1010 809 componendis
1041 756 1140 794 satis
1172 753 1252 793 fuit
1281 760 1465 792 versatus
1496 754 1577 806 ¹⁵),
1631 768 1705 794 nee
1735 755 1902 809 ignarus
1933 739 2159 811 ligurarum

252 833 292 865 et
329 825 543 867 verborum
572 829 651 883 1⁶),
708 833 750 866 et
787 827 1081 866 sententiarum
1106 824 1177 880 ¹⁷).
1269 824 1498 865 Dictionem
1542 827 1630 865 eius
1675 825 1815 865 laudat
1855 826 2157 878 Quintilianus,

254 896 365 951 quod
395 898 450 937 ita
482 898 760 952 composuerit
789 896 972 951 singulas
1008 897 1257 945 sententiaS,
1291 902 1337 934 ut
1366 893 1489 935 verba
1522 898 1564 935 in
1595 896 1801 937 clausulas
1832 898 2063 948 traiiceret3
2105 898 2159 936 ita

252 968 360 1008 enim
384 967 540 1023 fugisse
559 982 652 1008 eum
666 974 844 1008 teneram
869 966 1166 1021 delicatamque
1182 964 1419 1006 modulandi
1435 966 1703 1021 voluptatem,
1738 973 1784 1006 ut
1802 965 2064 1008 currentibus
2088 981 2161 1021 per

252 1051 296 1077 se
326 1038 525 1088 numeris,
556 1037 667 1093 quod
691 1052 760 1077 eos
787 1037 1007 1086 inhiberet,
1041 1036 1236 1077 obiiceret
1255 1036 1327 1092 ¹⁸).
1374 1036 1565 1091 Denique
1586 1044 1633 1076 ut
1660 1038 1777 1091 quasi
1804 1044 1931 1076 totum
1952 1036 2159 1077 hominem

253 1115 347 1148 ante
377 1108 518 1149 oculos
549 1110 726 1162 positum
755 1108 1016 1157 videremus,
1062 1107 1222 1146 Plinius
1252 1108 1424 1147 actionis
1456 1121 1623 1161 quoque
1653 1122 1813 1162 genus,
1859 1122 1942 1163 quo
1968 1122 2068 1147 usus
2098 1113 2161 1148 est

254 1179 378 1229 Afer,
404 1182 622 1220 memoriae
652 1179 848 1230 tradidit;
892 1180 1072 1234 graviter
1095 1185 1136 1218 et
1160 1178 1270 1218 lente
1296 1192 1388 1217 eum
1421 1176 1575 1216 dixisse
1607 1184 1745 1216 narrat
1768 1178 1839 1234 ¹9).

441 1250 529 1291 Nec
556 1265 653 1291 vero
683 1250 857 1291 oratoris
883 1248 1016 1308 solum
1047 1264 1217 1290 munere
1248 1248 1415 1288 functus
1446 1254 1534 1298 est,
1570 1263 1652 1303 quo
1683 1264 1735 1288 ex
1757 1250 1857 1303 Apri
1888 1249 2087 1289 sententia
2104 1248 2160 1305 ²⁰)

254 1338 336 1363 non
366 1322 478 1363 aliud
512 1323 555 1362 in
587 1323 749 1363 civitate
779 1322 1057 1362 Romanorum
1091 1320 1156 1361 vel
1185 1319 1236 1361 ad
1272 1318 1486 1360 utilitatem
1519 1318 1796 1372 fructuosius,
1843 1320 1907 1361 vel
1942 1320 1995 1360 ad
2029 1320 2162 1376 digni-

253 1402 375 1445 tatern
411 1393 614 1448 amplius,
662 1393 729 1434 vel
763 1393 815 1432 ad
855 1391 968 1432 urbis
1009 1392 1157 1431 famam
1197 1390 1435 1445 pulchrius,
1488 1390 1554 1430 vel
1593 1391 1645 1430 ad
1685 1394 1811 1432 totius
1843 1394 2005 1447 imperii
2037 1399 2161 1446 atque

253 1465 435 1505 omnium
477 1465 661 1521 gentium
706 1461 1130 1518 notitiamlillustrius
1169 1463 1394 1518 excogitari
1431 1468 1617 1517 poterat,
1658 1464 1780 1504 etiam
1814 1462 2160 1504 administrandae

254 1535 503 1591 reipublicae
535 1550 578 1576 se
617 1534 786 1575 dedidit.
860 1535 1094 1576 Praetorem
1124 1548 1217 1575 eum
1248 1533 1378 1574 fuisse
1408 1548 1459 1574 ex
1488 1534 1633 1575 Tacito
1663 1542 1914 1590 compertum
1945 1534 2159 1585 habemus,

255 1613 295 1647 et
317 1608 539 1645 Frontinus
567 1607 608 1644 in
641 1605 747 1645 libro
777 1606 827 1645 de
858 1605 1182 1661 aquaeductibus
1212 1606 1408 1659 scriptum
1441 1605 1635 1661 reliquit,
1669 1622 1761 1647 eum
1793 1608 1836 1646 in
1866 1607 1985 1662 aquis
2015 1620 2162 1646 curan-

255 1676 318 1716 dis
343 1676 421 1715 sub
448 1675 620 1715 Claudio
650 1677 892 1729 imperatore
920 1675 1084 1716 Gallum
1115 1682 1301 1715 secutum
1331 1690 1419 1715 esse
1446 1675 1518 1731 ²1).
1583 1677 1671 1717 Nec
1701 1676 1867 1728 dubito,
1908 1678 2010 1732 quin
2040 1677 2161 1717 etiam

256 1746 345 1787 aliis
376 1745 602 1786 honoribus
628 1753 796 1786 ornatus
822 1746 903 1794 sit,
936 1759 1062 1800 quum
1095 1744 1270 1799 principi
1301 1751 1443 1800 gratus
1473 1753 1582 1786 esset
1609 1753 1650 1786 et
1674 1754 1880 1801 acceptus.

449 1816 638 1869 Denique
670 1831 751 1855 non
776 1816 908 1855 solum
933 1830 1038 1864 usu,
1072 1815 1142 1854 sed
1174 1816 1330 1855 ratione
1357 1831 1523 1871 quoqne
1553 1825 1678 1857 artem
1709 1819 1923 1857 oratoriam
1955 1819 2158 1873 cognitam

256 1885 413 1926 habuit.
478 1884 660 1939 Scriptos
692 1887 800 1925 enim
828 1885 957 1925 edidit
985 1885 1088 1925 duos
1127 1884 1177 1923 de
1216 1884 1389 1924 testibus
1426 1886 1583 1937 libros,
1626 1903 1731 1942 quos
1759 1887 1840 1927 sibi
1870 1888 1997 1928 lectos
2028 1888 2160 1941 Quin·

257 1954 421 1994 tilianus
462 1954 520 1993 ait
540 1951 595 2008 22)
607 1969 620 2005 3
665 1967 740 1992 nec
774 1954 869 1992 licet
894 1951 1100 2000 dubitari,
1144 1954 1245 2006 quin
1284 1956 1436 2008 optime
1467 1970 1551 1995 rem
1583 1970 1697 1995 suam
1729 1959 1989 2006 tractaverit,
2032 1973 2160 2012 quum

256 2026 342 2080 ipse
374 2023 658 2076 Quintilianus
697 2023 747 2063 de
788 2038 832 2063 ea
873 2022 975 2063 nihil
1009 2022 1118 2078 quod
1159 2023 1313 2067 diceret
1346 2042 1390 2068 se
1429 2027 1665 2068 habiturum
1704 2027 1917 2068 confessus
1951 2031 2026 2080 sit,
2079 2030 2158 2068 nisi

258 2097 487 2137 universam
514 2096 811 2136 institutionem
842 2109 1060 2151 aggressus
1092 2102 1211 2137 esset.
1293 2097 1342 2137 ln
1381 2101 1640 2140 sermonibus
1674 2107 1809 2141 autem
1846 2099 2078 2141 domesticis
2109 2114 2160 2140 ex

286 2280 332 2312 12)
374 2278 449 2308 lust.
472 2284 550 2307 orat.
572 2279 610 2311 6,
630 2278 665 2313 3,
687 2277 736 2307 39.
783 2276 927 2315 Utinam,
963 2276 1086 2315 inquit,
1117 2278 1213 2308 adiici
1235 2278 1274 2308 ad
1296 2279 1558 2310 consuetudinem
1581 2286 1702 2319 posset,
1731 2288 1766 2312 ut
1789 2281 1877 2311 iocos
1897 2281 2041 2312 inserere
2063 2281 2160 2311 moris

376 2339 470 2363 esset.
512 2332 562 2362 Cf.
580 2333 615 2369 2,
643 2334 693 2368 10,
712 2333 741 2362 9.

285 2388 333 2421 13)
375 2385 453 2415 lust.
475 2391 555 2413 orat.
578 2385 615 2420 6,
637 2386 676 2419 3,
699 2383 737 2412 ⁴2
1232 2387 1280 2421 1⁴)
1321 2385 1396 2414 lust.
1419 2392 1497 2415 orat.
1520 2387 1555 2420 6,
1579 2386 1614 2421 3,
1636 2386 1684 2414 27.
1705 2386 1754 2415 93.
1776 2387 1826 2416 94.

285 2440 333 2475 15)
375 2439 453 2469 lnst.
477 2444 557 2468 orat.
580 2439 617 2474 5,
640 2439 694 2474 10,
717 2438 764 2468 79.
805 2438 840 2472 S,
863 2439 900 2473 5,
924 2438 951 2467 3.
979 2438 1024 2467 16.
1227 2438 1276 2475 16)
1320 2438 1397 2468 lnst.
1420 2444 1498 2467 orat.
1521 2438 1557 2473 9,
1578 2439 1615 2473 3,
1636 2438 1684 2467 66.
1708 2439 1754 2468 79.

287 2495 336 2528 17)
377 2492 455 2521 lust.
479 2497 558 2520 orat.
581 2492 619 2526 9,
641 2492 674 2524 2,
696 2491 744 2519 2⁰.
1227 2493 1276 2529 18)
1317 2492 1394 2521 lust.
1416 2498 1495 2521 orat*
1519 2493 1557 2528 9,
1579 2494 1615 2526 4,
1636 2493 1684 2522 31.

286 2546 333 2581 19)
373 2544 459 2573 Plin.
481 2553 554 2582 epp.
574 2545 612 2580 2,
636 2546 652 2572 ⁴
1222 2545 1273 2581 2⁰)
1316 2545 1402 2576 nial.
1425 2546 1466 2575 de
1487 2552 1578 2576 orati.
1600 2554 1668 2584 cap.
1690 2547 1719 2575 ὅ.

284 2599 335 2631 21)
378 2596 411 2627 1s
431 2603 478 2627 est
500 2597 571 2628 sine
592 2597 692 2628 dubio
706 2596 825 2628 Didius
846 2596 903 2626 ine
914 2595 1045 2630 Gallus,
1067 2596 1118 2626 cui
1133 2596 1222 2632 Aser,
1242 2608 1338 2636 quum
1360 2598 1558 2638 provinciam
1579 2598 1838 2629 ambitiosissime
1862 2598 2021 2636 petiisset,
2043 2599 2160 2629 deinde

375 2650 542 2687 impetrata
562 2658 600 2679 ea
619 2656 764 2688 tanquam
786 2656 912 2680 coactus
932 2656 1141 2687 quereretur,
1174 2650 1277 2681 ironia
1304 2651 1425 2681 urbane
1451 2659 1525 2681 usus
1554 2651 1666 2688 unge,
1700 2649 1821 2688 inquii,
1853 2649 1976 2687 aliquid
1997 2657 2029 2680 et
2052 2651 2158 2689 reipu-

377 2702 479 2733 blicae
501 2711 611 2732 caussa
630 2703 770 2733 elabora.
813 2703 852 2734 V.
876 2702 983 2734 onim.
1006 2705 1040 2736 6,
1062 2705 1096 2739 3,
1119 2705 1166 2734 68.

285 2755 335 2790 22)
378 2755 454 2786 lust.
477 2761 555 2784 orat.
578 2757 609 2789 5,
635 2757 668 2791 7,
691 2758 717 2784 7.

1752 2806 1783 2849 5
