2417 3023
1049 138 1311 178 -2—

223 269 368 295 nerum
391 255 452 311 ⁵),
486 269 537 294 ne
567 255 655 307 ipse
684 253 850 309 quidem
877 253 1146 309 Spaldingius
1172 255 1216 294 in
1246 253 1364 294 docta
1389 252 1587 295 librorum
1607 253 1657 295 de
1677 254 1935 297 institutione
1956 256 2131 297 oratoria

223 326 403 368 editione
433 331 663 367 accuratam
692 325 871 366 auctoris
901 325 967 365 sui
993 325 1118 366 vitam
1155 325 1412 380 composuit,
1456 324 1529 365 sed
1566 323 1618 365 ab
1654 323 1746 365 aliis
1783 324 1873 364 eius
1903 326 1964 367 rei
2004 326 2131 367 otium

222 397 303 439 sibi
334 396 484 439 factum
516 402 632 438 ratus
662 395 800 454 aliqua
831 401 992 438 tantum
1023 401 1064 437 et
1094 409 1140 437 ea
1162 409 1307 452 parum
1331 395 1383 436 ad
1403 396 1616 452 ingenium
1639 395 1889 449 Quintiliani
1909 398 2131 451 spectantia

223 469 340 506 novis
378 470 634 522 argumentis
672 475 744 505 aut
785 467 1064 506 confirmanda
1105 473 1176 505 aut
1218 466 1444 505 refellenda
1485 482 1629 506 rursus
1668 468 1915 508 retractavit.
1979 468 2033 508 Et
2073 470 2132 509 sic

222 539 307 579 fere
339 554 482 579 omnes
518 538 731 579 literarum
763 539 1042 580 Romanarum
1079 539 1299 592 scriptores
1338 535 1525 578 fecerunt
1546 536 1599 593 ⁶).
1674 535 1770 591 Quo
1810 551 1918 578 anno
1961 542 2002 578 et
2040 537 2131 580 loco

222 615 341 651 uatus
370 610 424 651 sit
443 609 727 663 Quintilianus
759 615 800 650 et
829 614 1042 662 mortuus,
1077 614 1177 665 quot
1208 621 1357 649 uxores
1391 607 1579 660 duxerit,
1612 610 1707 665 quis
1729 624 1822 650 eum
1846 607 2131 650 consularibus

221 681 457 738 insignibus
487 682 720 732 ornaverit,
771 680 938 736 quando
970 695 1119 719 munus
1150 694 1269 720 suum
1301 679 1592 720 scholasticum
1622 683 1849 736 susceperit
1879 682 2131 736 deposuerit-

222 768 349 810 que,⁴
372 754 449 795 alia
480 753 717 794 huiusmodi
749 768 897 809 magua
933 752 1141 794 doctrinae
1175 753 1358 807 impensa
1398 758 1700 807 exposuerunt,
1741 752 1843 809 quid
1879 768 2021 794 revera
2058 752 2128 804 sit,

220 840 294 866 cur
324 826 518 866 memoria
551 824 703 881 dignus
734 826 787 865 sit
813 824 1003 876 habitus,
1054 831 1126 875 aut
1169 823 1274 863 nihil
1314 830 1532 875 curarunt,
1587 829 1659 863 aut
1701 837 1747 864 ea
1786 829 1972 876 tantum,
2025 839 2130 880 quae

219 896 620 953 negligentissimum
650 910 857 953 quemque
896 894 1089 936 lectorem
1126 893 1366 946 offendunt,
1420 900 1467 935 ut
1503 895 1671 936 nimiam
1703 896 1928 937 Domitiani
1964 897 2130 951 tyranni

217 968 511 1010 adulationem.
595 968 733 1023 Atque
776 969 932 1007 utinam
972 973 1184 1022 praeterea
1221 967 1327 1006 nihil
1359 967 1623 1018 habuissem,
1686 969 1797 1024 quod
1836 968 2125 1010 desiderarem.

219 1040 442 1093 Occupatis
471 1040 606 1090 euim,
655 1054 757 1093 quas
793 1038 855 1078 illi
893 1039 1144 1089 omiserunt,
1201 1039 1414 1093 partibus,
1468 1039 1602 1078 statim
1634 1037 1686 1078 ab
1717 1040 1836 1081 initio
1868 1041 1974 1081 viam
2004 1054 2128 1095 supra

215 1110 419 1150 laudatam
457 1111 575 1164 sequi
610 1111 851 1163 potuissem.
937 1109 1018 1149 Sed
1049 1124 1099 1148 ne
1131 1122 1226 1148 vera
1258 1108 1424 1163 quidem
1456 1114 1553 1147 sunt
1580 1108 1777 1163 pleraque
1806 1112 1971 1160 omnia,
2024 1125 2128 1165 quae

216 1182 491 1236 protulerunt.
540 1181 646 1222 Nam
671 1180 929 1222 Dodwellum
961 1180 1138 1221 maxime
1167 1180 1322 1231 secuti,
1352 1179 1526 1221 eximiae
1553 1177 1719 1235 quidem
1744 1177 1952 1222 doctrinae
1973 1180 2125 1232 virum,

215 1251 287 1293 sed
318 1252 390 1307 qui
420 1250 648 1292 scribendis
682 1250 931 1304 Quintiliani
960 1250 1179 1291 annalibus
1211 1252 1370 1306 ingenii
1400 1252 1530 1306 magis
1566 1252 1675 1291 vires
1711 1252 1895 1292 exercuit
1929 1252 2126 1292 ostendit-

215 1339 319 1379 que,
354 1338 475 1379 quam
507 1325 707 1379 promissa
739 1323 884 1376 solvit,
919 1324 1043 1364 nimia
1075 1321 1317 1364 credulitate
1348 1337 1432 1362 non
1463 1328 1543 1363 tam
1574 1336 1717 1363 verum
1748 1328 1953 1377 spectasse
1983 1322 2125 1364 viden-

215 1401 308 1446 tur,
343 1410 464 1450 quam
494 1396 674 1435 auctoris
700 1396 764 1435 sui
793 1397 1006 1436 honorem.
1070 1394 1205 1447 Quam
1232 1394 1284 1435 ob
1311 1408 1519 1447 caussam,
1563 1409 1691 1450 quum
1722 1395 1846 1435 vitam
1876 1395 2126 1449 Quintiliani

213 1468 363 1506 iterum
392 1466 644 1507 tractandam
676 1466 778 1506 mihi
809 1481 1041 1517 sumerem,
1075 1481 1159 1507 non
1189 1468 1285 1522 quia
1312 1450 1409 1521 prae
1440 1467 1586 1506 ceteris
1617 1466 1720 1507 mihi
1751 1466 1921 1508 videbar
1945 1467 1988 1507 id
2009 1481 2127 1522 prae·

211 1544 317 1579 stare
348 1553 495 1593 posse,
529 1538 642 1595 quod
672 1540 715 1579 in
742 1537 826 1578 illis
853 1536 1064 1589 desidero,
1099 1536 1210 1594 quod
1238 1551 1321 1578 non
1348 1538 1494 1593 ignoro
1516 1551 1638 1593 quam
1670 1536 1834 1579 difficile
1866 1539 1943 1590 sit,
1977 1537 2050 1578 sed
2080 1544 2127 1577 ut

210 1609 375 1650 tandem
406 1608 629 1664 aliquando
659 1610 793 1648 virum
825 1609 934 1648 inter
961 1602 1119 1647 lumina
1151 1610 1410 1665 antiquitatis
1443 1610 1550 1650 haud
1575 1610 1795 1651 obscurum
1826 1611 2029 1650 immerita
2055 1623 2127 1650 ue·

211 1681 417 1736 glectione
448 1695 532 1719 non
564 1680 655 1721 dico
686 1682 774 1735 ipse
801 1678 1045 1729 liberarem,
1095 1686 1137 1719 at
1166 1685 1274 1718 certe
1302 1679 1394 1718 aliis
1419 1679 1624 1719 liberandi
1655 1686 1799 1720 auctor
1825 1694 1985 1730 essem,
2031 1686 2125 1720 aute

210 1751 345 1790 omnia
378 1749 555 1790 officium
589 1752 729 1804 putavi
759 1749 860 1789 mihi
891 1750 1155 1804 impositum,
1197 1756 1242 1789 ut
1272 1752 1487 1790 sententiis
1518 1750 1683 1791 illorum
1717 1750 1957 1790 examinatis
1988 1764 2125 1790 emen-

211 1820 377 1871 darem,
423 1835 528 1876 quae
559 1819 664 1861 falso
700 1820 963 1875 proposuisse
984 1818 1252 1879 *viderentun
1298 1835 1403 1877 quae
1429 1827 1563 1873 recte,
1596 1820 1918 1877 comprobarem.
1981 1819 2124 1862 Rebus

210 1892 319 1932 enim
352 1893 533 1932 externis
566 1891 630 1932 vel
656 1893 823 1933 incertis
855 1891 920 1932 vel
951 1892 1072 1932 etiam
1111 1889 1253 1943 falsis,
1308 1894 1401 1948 quis
1439 1907 1575 1933 veram
1614 1892 1827 1933 hominum
1869 1891 2122 1947 intelligeret

209 1962 413 2015 indolem,
454 1965 526 2019 qui
559 1965 612 2004 ita
644 1978 665 2004 a
697 1969 841 2004 natura
873 1969 971 2003 sunt
1001 1964 1250 2018 comparati,
1295 1970 1340 2004 ut
1370 1979 1422 2005 ex
1456 1964 1646 2005 fortunae
1675 1970 1905 2020 temporum
1936 1962 2119 2005 locorum

208 2034 437 2090 aequalium
468 2036 625 2076 ratione
654 2034 887 2090 pendeant?
947 2034 996 2073 ln
1028 2048 1073 2074 ea
1105 2035 1233 2089 igitur
1263 2048 1306 2074 re
1338 2035 1473 2088 priore
1508 2037 1580 2076 hac
1611 2034 1886 2090 disputatione
1917 2033 2117 2084 laboravi,

207 2105 375 2146 alteram
419 2113 574 2161 partem
619 2108 849 2163 graviorem
898 2106 1040 2161 utique
1084 2104 1166 2146 alio
1210 2111 1390 2160 tempore
1408 2135 1423 2158 ,
1476 2107 1513 2146 si
1555 2121 1628 2161 per
1668 2107 1921 2148 occasionem
1959 2103 2116 2157 licebit,

206 2183 467 2218 tractaturus.

400 2249 641 2305 Priusquam
674 2264 770 2290 vero
794 2254 1030 2304 susceptum
1056 2246 1225 2288 subeam
1251 2247 1456 2300 officium,
1490 2248 1540 2290 de
1565 2250 1744 2290 nominis
1764 2247 1971 2290 scribendi
1996 2249 2117 2291 modo

204 2318 402 2359 disseram
447 2326 623 2374 oportet.
699 2320 923 2360 Dubitatur
963 2321 1098 2370 enim,
1147 2325 1284 2359 utrum
1316 2318 1622 2371 Quinctilianus
1659 2335 1713 2359 an
1743 2319 2027 2372 Quintilianus
2063 2322 2116 2361 sit

205 2393 349 2432 melius
380 2391 663 2433 scribendum.
738 2391 856 2431 Illius
889 2390 1129 2432 defensores
1162 2391 1332 2432 rationis
1377 2406 1526 2432 nomen
1566 2407 1588 2432 a
1631 2393 1869 2448 quinque
1900 2391 2111 2444 ducentes,

250 2594 281 2628 5)
323 2592 355 2621 in
377 2595 575 2631 praefatione
595 2593 752 2624 editionis
772 2602 859 2624 suae.

227 2659 230 2661 ’
249 2660 280 2694 6)
323 2669 349 2689 ν.
372 2668 397 2689 c.
417 2659 549 2697 Set-611,
572 2660 715 2692 Histoire
737 2660 881 2700 abregee
903 2659 944 2691 de
965 2660 997 2691 la
1018 2661 1200 2693 litterature
1222 2659 1390 2692 Romaine.
1429 2659 1468 2690 T.
1482 2660 1511 2691 2.
1535 2668 1565 2699 p.
1577 2659 1637 2691 398
1647 2666 1717 2697 sqq.
1762 2657 1962 2700 Bernhardy,
1985 2657 2112 2688 Grund-

320 2712 387 2742 rise
407 2713 464 2745 der
486 2713 673 2744 Romisclten
698 2714 874 2744 Litteratur
893 2722 925 2752 p.
947 2714 1018 2745 309.
1077 2716 1319 2749 Westermann,
1352 2713 1536 2744 Geachichte
1558 2714 1617 2743 der
1639 2713 1825 2745 Romischen
1852 2712 2111 2744 Beredeeamkeit

321 2765 345 2800 ς.
365 2766 422 2793 so.
730 2762 733 2765 ·
