2417 3023
1076 128 1368 169 ..12-

267 253 319 288 At
355 261 453 287 vero
489 261 570 286 non
608 245 649 284 id
683 246 770 301 agit
802 252 945 300 poeta,
1003 252 1047 286 ut
1086 246 1269 286 omnium
1301 246 1545 300 scriptorum
1580 259 1632 286 ex
1666 244 1865 299 Hispania
1907 244 2173 286 oriundorum

262 318 404 358 laudes
434 317 590 366 efferat,
626 316 699 357 sed
726 318 832 356 viam
859 315 980 356 modo
1007 322 1224 370 paraturus
1255 315 1306 355 ad
1336 316 1539 356 Liciniani
1573 331 1772 372 suamque
1802 315 1974 372 gloriam
2009 319 2061 358 ab
2096 317 2173 357 lta·

263 392 312 432 lis
343 389 587 446 quibusdam
621 388 890 444 scriptoribus
921 387 1043 429 claris
1074 387 1278 444 Virgilio,
1327 387 1471 440 Livio,
1517 387 1666 430 ovidio
1697 389 1871 443 incipit,
1910 393 1997 428 tum
2026 389 2173 445 Hispa-

264 477 408 502 norum
460 460 754 501 nonnullorum
804 461 1053 500 mentionem
1107 459 1234 509 facit,
1298 458 1476 514 denique
1520 459 1724 500 Liciniani
1768 460 1916 515 suique
1959 459 2090 513 ipsius
2120 462 2171 515 ⁷).

263 534 474 572 Praeterea
510 530 794 584 Quintilianus
825 544 907 569 non
947 528 1166 569 scribendo
1203 528 1345 570 laudes
1383 530 1462 569 sibi
1496 538 1709 585 paraverat
1750 545 1799 571 eo
1836 537 2045 585 tempore,
2093 545 2176 586 quo

260 605 462 645 Martialis
493 604 738 658 epigramma
771 600 880 640 istud
913 602 1102 656 scripsit,
1147 599 1218 640 sed
1251 600 1406 642 orando
1436 608 1477 642 et
1507 600 1720 654 docend03
1783 600 1893 657 quod
1933 602 2020 656 ipse
2056 607 2175 655 poeta

261 682 434 716 testatur
493 673 788 714 moderatorem
844 673 1035 713 iuventae
1088 687 1291 712 summum
1340 672 1598 727 gloriamque
1653 678 1773 727 togae
1815 672 2022 713 Romanae
2081 686 2174 712 enm

262 747 527 802 compellans.
591 745 731 785 Mores
763 758 929 799 quoque
961 743 1211 797 Quintiliani
1243 758 1502 798 summopere
1530 742 1725 784 candidos
1754 742 1893 785 laudat
1919 745 1962 784 in
1994 744 2174 785 eiusdem

260 820 453 859 carminis
487 831 609 857 versu
642 818 789 866 tertio,
819 830 1067 871 quamquam
1094 816 1335 855 circuitione
1367 815 1574 870 quadam,
1608 816 1749 857 dicens

452 888 606 927 Vivere
637 886 746 942 quod
770 901 944 941 propero
969 900 1149 940 pauper,
1184 900 1258 925 nec
1284 886 1443 925 inutilis
1469 889 1606 938 annis,

456 959 518 999 Da
546 959 724 1008 veniam,

261 1030 332 1071 sed
366 1030 481 1071 nullo
511 1030 602 1070 loco
633 1031 722 1070 eius
747 1030 915 1084 scripta.
979 1027 1257 1082 Quamobrem
1285 1027 1514 1068 mirandum
1548 1043 1631 1070 non
1655 1036 1733 1082 est,
1766 1032 1801 1071 si
1827 1033 1935 1073 inter
1956 1032 2174 1086 scriptores

261 1102 373 1141 illius
399 1102 706 1156 epigrammatis
738 1100 874 1140 locum
908 1114 989 1138 non
1021 1100 1202 1153 accepit3
1249 1114 1300 1138 ne
1338 1105 1500 1153 poterat
1540 1100 1706 1155 quidem
1743 1103 1785 1141 in
1825 1117 1966 1143 eorum
2004 1116 2175 1141 numero

260 1171 436 1211 laudari.
501 1171 643 1210 Cetera
677 1176 916 1224 argumenta
934 1197 946 1219 ,
980 1184 1085 1224 quae
1117 1168 1224 1209 idem
1256 1176 1399 1209 auctor
1429 1185 1480 1210 ex
1507 1171 1718 1212 auditione
1740 1172 1909 1213 Domitii
1935 1179 1975 1213 et
1995 1173 2175 1213 Senecae

262 1243 528 1295 Romanoque
556 1240 621 1279 avi
653 1246 693 1280 et
725 1240 853 1294 patris
897 1254 1066 1280 munere
1107 1240 1311 1280 rhetorico
1350 1241 1392 1280 in
1424 1240 1622 1282 auxilium
1649 1244 1891 1295 arcessivit,
1942 1249 2012 1284 aut
2052 1258 2174 1298 supra

262 1314 340 1351 iam
380 1311 553 1351 refutata
595 1316 719 1360 sunt,
766 1316 837 1349 aut
876 1309 1124 1349 refutatione
1165 1317 1331 1365 propter
1361 1311 1618 1351 manifestam
1650 1313 1887 1353 inanitatem
1918 1328 2000 1353 non
2031 1313 2170 1369 digna.

260 1384 349 1424 Nec
375 1384 505 1436 magis
536 1381 747 1422 Trebellio
778 1381 965 1422 Pollione
996 1397 1161 1422 moveor
1204 1382 1507 1435 Quintilianum
1555 1385 1866 1426 declamatorem
1893 1385 2066 1426 Romani
2104 1400 2175 1439 ge—

260 1454 372 1494 neris
411 1452 691 1493 acutissimum
729 1449 989 1506 praedicante
1010 1450 1064 1508 8).
1140 1451 1299 1493 Etenim
1332 1469 1572 1509 persuasum
1604 1453 1705 1495 mihi
1736 1462 1822 1508 est,
1871 1455 2077 1497 Romanos
2106 1453 2175 1495 hic

259 1525 469 1579 oppositos
501 1538 592 1563 esse
623 1537 706 1561 non
738 1522 1083 1575 provincialibus,
1117 1523 1189 1562 sed
1221 1524 1389 1565 Graecis
1413 1525 1467 1581 9).

450 1593 593 1635 Fidem
622 1609 722 1650 ergo
747 1594 969 1648 Anonymo
996 1592 1299 1648 abrogandam,
1333 1602 1473 1636 contra
1503 1596 1687 1637 Ausonio
1715 1602 1755 1637 et
1780 1595 2033 1652 Hieronymo
2059 1609 2172 1650 prae·

258 1665 445 1705 standam
476 1671 684 1719 putamus.
749 1663 831 1703 Sed
863 1665 1100 1719 quaeritur,
1146 1663 1195 1702 de
1228 1678 1309 1718 qua
1341 1664 1556 1719 Calagurri
1588 1665 1851 1720 cogitandum
1882 1666 1951 1703 sit.
2015 1664 2174 1702 Plinius

259 1739 369 1775 enim
408 1737 509 1775 duas
543 1736 668 1774 huius
710 1736 889 1774 nominis
928 1733 1050 1773 urbes
1090 1734 1131 1771 in
1166 1734 1362 1786 Hispania
1395 1736 1537 1784 novit,
1596 1751 1723 1789 quum
1764 1736 1814 1775 de
1850 1736 2174 1789 Calagurritanis

261 1809 655 1848 commemoraverit·
686 1814 725 1846 et
767 1807 839 1861 qui
880 1804 1043 1845 Nasciei
1073 1804 1125 1859 ¹⁰)
1170 1809 1209 1843 et
1247 1805 1319 1858 qui
1359 1803 1644 1845 Fibularenses
1683 1807 2071 1860 cognominarentur
2098 1806 2169 1863 ¹¹).

263 1878 448 1931 Quarum
477 1878 576 1918 hacc
607 1877 657 1917 ad
688 1877 851 1917 Iberum
883 1877 959 1916 sita
992 1874 1114 1915 hodie
1151 1880 1309 1925 exstat,
1364 1874 1582 1914 Calahorra
1621 1876 1808 1928 nomine,
1854 1876 1979 1917 altera
2018 1884 2171 1929 autem,

263 1935 434 1991 liaerens
473 1950 681 2005 scopulis,
731 1956 775 1989 ut
805 1949 1027 1999 Ausonius.>
1056 1947 1154 1988 dicit
1182 1946 1266 1999 12),
1317 1954 1473 1988 montes
1512 1948 1674 1990 videtur
1705 1950 1934 2005 Pyrenaeos
1969 1951 2169 2006 attigisse.

265 2023 466 2061 Antonius
497 2036 590 2061 cum
621 2020 791 2070 Zurita,
834 2024 922 2058 utra
955 2033 1094 2058 earum
1127 2019 1255 2072 patria
1288 2017 1536 2070 Quintiliani
1569 2018 1756 2059 habenda
1788 2021 1865 2071 sit,
1900 2021 1943 2060 in
1973 2035 2173 2076 suspenso

265 2092 529 2148 relinquunt3
577 2094 729 2138 ceteri,
774 2106 877 2146 quos
919 2089 1070 2131 videsis
1107 2089 1216 2143 apud
1247 2090 1475 2130 Antonium
1509 2090 1739 2132 Fibulariae
1770 2091 1893 2133 decus
1925 2091 2028 2133 illud
2059 2093 2172 2131 attri-

264 2163 425 2213 buunt,
473 2166 568 2217 quia
599 2164 736 2202 notior
766 2176 811 2201 ea
842 2162 896 2201 sit
926 2168 965 2201 et
995 2167 1219 2215 superstes.
1294 2160 1382 2201 Nec
1412 2176 1490 2217 ego
1521 2162 1744 2217 quidquam
1777 2164 2055 2215 decreverim3
2101 2163 2172 2203 sed

262 2233 433 2274 dubium
459 2248 547 2275 esse
580 2249 660 2275 non
692 2232 879 2282 videtur,
914 2233 1013 2287 quin
1036 2232 1245 2272 Antonius
1278 2230 1328 2271 de
1360 2232 1445 2271 sola
1473 2231 1639 2273 Nassica
1670 2234 1912 2289 cogitaverit
1942 2240 1981 2274 et
2012 2239 2172 2288 practer

262 2305 496 2344 haerentem
528 2304 636 2343 illam
668 2303 849 2358 scopulis
879 2304 984 2342 alius
1017 2318 1066 2343 ne
1100 2304 1283 2342 notitiam
1318 2301 1481 2356 quidem
1514 2302 1718 2344 habuerit.

307 2439 338 2471 7)
380 2437 497 2467 Αηῑοη.
524 2436 546 2465 l.
570 2445 596 2465 c.
622 2437 645 2472 §-
669 2437 728 2467 239
756 2442 864 2476 putat,
898 2436 1089 2468 Quintiliani
1112 2436 1303 2466 mentionem
1325 2434 1439 2464 factam
1462 2442 1523 2462 non
1547 2441 1636 2468 esse,
1667 2433 1742 2472 quia
1763 2434 1922 2466 Martialis
1944 2441 2055 2475 poetas
2075 2438 2168 2468 modo

375 2497 564 2518 enumerare
585 2488 741 2527 voluerit3
771 2489 875 2528 quod,
897 2500 994 2528 quum
1016 2490 1129 2521 Livius
1149 2498 1280 2527 quoque
1299 2486 1504 2524 Senecaeque
1525 2486 1651 2517 facundi
1674 2494 1968 2526 commemorentur,
1991 2498 2051 2520 non
2071 2490 2167 2522 facile

377 2541 542 2579 quisquam
565 2541 667 2570 dabit.

305 2596 336 2630 8)
379 2594 521 2625 Trebell.
547 2594 636 2625 ΡοΙΙ.
660 2594 692 2624 in
713 2594 788 2633 trig.
811 2600 873 2636 tyr.
896 2598 925 2628 3.
1259 2596 1291 2630 9)
1333 2594 1381 2624 Cf.
1400 2594 1506 2634 Bayle
1527 2595 1546 2624 Ι.
1568 2605 1594 2625 c.
1619 2605 1648 2626 n.
1671 2596 1709 2626 E.

292 2650 340 2680 10)
382 2648 433 2677 Ex
455 2658 581 2679 nummo
602 2649 820 2687 Hieronymus
840 2650 949 2679 anita
971 2650 1001 2679 in
1025 2650 1107 2679 notis
1130 2649 1168 2678 ad
1192 2648 1391 2679 itinerarium
1417 2649 1564 2679 Antonini
1587 2660 1617 2689 p.
1630 2652 1689 2682 539
1710 2650 1841 2689 probat,
1863 2659 1925 2680 non
1946 2650 2085 2687 Nascici,
2107 2651 2164 2679 sed

378 2699 502 2730 Nassici
526 2699 697 2739 legendum
720 2708 798 2729 esse.

294 2752 341 2781 ll)
385 2752 467 2780 Plin.
492 2753 573 2782 Hist.
598 2759 660 2781 nat.
683 2754 720 2787 3,
742 2754 770 2781 3.
1241 2755 1287 2785 12)
1329 2756 1444 2783 Auson.
1465 2764 1514 2793 ep.
1536 2757 1593 2791 25,
1614 2757 1663 2785 5⁷.
