2417 3023
1081 131 1372 173 ...25—

275 264 394 303 saepe
425 250 502 287 iam
533 250 654 289 citato
684 255 845 300 narrat,
890 246 1193 300 Quintilianum
1226 263 1335 288 anno
1367 246 1428 287 88
1457 247 1638 288 scholam
1665 247 1870 302 publicam
1901 251 2109 302 aperuisse
2135 257 2176 290 et

273 318 468 360 claruisse
488 317 561 376 3²).
634 319 692 359 lta
725 319 917 358 nimirum
945 317 1045 359 haec
1077 317 1198 359 verba
1227 318 1497 374 intelligunt,
1546 325 1589 359 ut
1617 322 1881 375 aperuisse
1912 322 2013 362 certi
2039 323 2173 361 cuius-

274 389 365 429 dam
397 391 592 445 temporis
624 391 781 431 ratione
809 404 892 429 uon
923 387 1062 429 habita
1093 390 1136 428 in
1168 390 1404 430 universum
1435 389 1614 441 dictum,
1656 390 1910 433 claruisse
1951 400 2086 433 autem
2125 392 2177 433 ad

272 475 423 501 aunum
454 460 515 500 88
545 462 750 516 pertinere
783 459 1049 500 arbitrentur.
1113 460 1245 511 Male,
1288 461 1431 509 aiunt,
1476 461 1771 517 Hieronymum
1808 463 2068 518 intelligunt,
2103 465 2176 519 qui

272 531 344 572 illo
374 532 536 573 demum
558 533 782 572 Domitiani
812 547 919 572 auno
954 531 1133 572 scholam
1164 547 1185 571 a
1210 531 1469 585 Quintiliano
1499 539 1679 587 apertam
1712 533 1972 584 existimant3
2005 533 2175 574 verbum

272 610 404 643 autem
435 603 648 653 claruit,
683 618 808 657 quum
825 603 875 643 ad
898 619 982 643 rem
1011 609 1169 658 gestam
1189 603 1368 656 aliquam
1394 604 1624 657 insignem,
1657 618 1762 657 quae
1783 604 1903 658 quasi
1926 605 2030 644 vitae
2052 620 2174 659 quae·

273 673 364 712 dam
396 672 549 727 epocha
581 672 768 712 habenda
812 680 896 723 est,
950 673 1211 713 referendum
1252 673 1328 723 sit,
1386 672 1611 712 abdicatam
1653 689 1675 712 a
1706 672 1965 725 Quintiliano
1996 673 2173 714 scholam

271 744 453 797 respicit.
516 743 599 784 Sed
635 751 681 783 ut
721 743 826 783 illud
866 760 943 800 ego
983 759 1148 800 quoque
1186 758 1320 799 nege,
1371 744 1430 783 sic
1469 743 1761 798 perridiculum
1799 744 2072 798 proculdubio
2115 753 2177 785 est

273 813 467 855 claruisse
498 815 676 870 aliquem
709 813 844 855 dicere
876 829 924 855 eo
953 821 1160 870 tempore,
1208 830 1291 871 quo
1320 814 1527 856 abdicavit
1556 829 1675 855 suum
1706 814 1898 855 officium.
1963 817 2176 858 Praeterea

271 885 323 925 ad
353 886 526 926 eundem
557 901 710 925 aunum
742 885 1019 940 Hieronymus
1056 886 1288 936 adnotavit,
1337 886 1643 926 mathematicos
1686 892 1726 925 et
1765 886 2031 940 philosophos
2075 887 2176 927 urbe

271 956 400 997 Roma
429 956 569 1011 pulsos
595 971 683 996 esse
710 971 731 996 a
764 956 1023 1008 Domitiano,
1058 957 1169 1012 quod
1192 957 1343 998 factum
1375 963 1468 1011 post
1494 958 1684 1011 scriptam
1718 957 1846 996 nostri
1877 958 2176 998 institutionem

273 1030 490 1070 oratoriam
521 1037 628 1070 recte
656 1029 941 1069 animadvertit
964 1027 1217 1069 Dodwellus.
1265 1028 1440 1082 Scripsit
1463 1034 1597 1067 autem
1612 1027 1911 1079 Quintilianus,
1945 1044 2070 1084 quum
2096 1030 2174 1068 iam

274 1100 429 1155 pridem
461 1100 640 1140 scholam
672 1100 929 1152 abdicasset3
964 1115 1063 1155 ergo
1090 1101 1351 1140 manifestum
1379 1106 1463 1150 est,
1503 1097 1669 1138 verbum
1703 1098 1812 1137 istud
1843 1098 2035 1138 claruit
2063 1099 2176 1138 aliud

276 1171 398 1228 quid,
432 1171 543 1227 quod
577 1178 715 1226 postea
750 1171 1004 1222 videbimus,
1039 1171 1243 1222 indicare,
1290 1187 1370 1211 non
1400 1170 1581 1212 scholam
1611 1169 1851 1211 abdicatam.
1915 1169 2087 1226 Reliqua
2114 1186 2175 1210 ar-

273 1249 464 1299 gumenta
494 1256 543 1282 ex
569 1241 779 1293 Martiale,
812 1242 968 1292 Plinio,
1003 1243 1103 1296 ipsis
1126 1242 1373 1295 Quintiliani
1400 1242 1518 1282 libris
1545 1241 1739 1297 producta
1765 1249 1836 1281 aut
1859 1241 1962 1281 nihil
1984 1243 2173 1295 probant,

272 1322 342 1354 aut
384 1313 487 1353 illud
530 1319 712 1364 tantum,
769 1320 863 1354 ante
910 1329 1061 1353 annum
1108 1312 1164 1352 79
1204 1316 1245 1353 in
1288 1314 1377 1354 foro
1414 1313 1635 1368 sebolaque
1678 1319 1879 1353 versatum
1919 1327 2008 1353 esse
2042 1312 2175 1366 Quin-

273 1387 476 1426 tilianum.

462 1455 597 1496 Aliam
625 1456 752 1511 igitur
777 1456 883 1495 viam
910 1454 1190 1511 ingrediamur
1210 1471 1376 1497 necesse
1403 1461 1481 1506 est,
1515 1470 1594 1510 qua
1616 1469 1752 1509 spero,
1783 1454 1872 1495 fore
1903 1461 1949 1496 ut
1977 1455 2029 1496 ad
2053 1455 2175 1497 linem

274 1542 370 1568 vero
406 1527 638 1581 proximum
670 1526 958 1580 perducamur.
1022 1528 1135 1567 Auni
1166 1529 1274 1568 enim
1315 1528 1376 1568 illi
1416 1528 1563 1582 viginti
1605 1528 1766 1566 initium
1804 1542 1886 1567 non
1923 1534 2122 1581 ceperunt
2153 1542 2176 1567 a

273 1598 408 1638 reditu
438 1598 481 1636 iu
513 1596 653 1636 urbem
682 1597 882 1648 Romam,
924 1597 997 1637 sed
1026 1598 1077 1637 ab
1109 1600 1197 1652 ipso
1227 1600 1270 1637 in
1303 1600 1538 1652 Hispaniam
1571 1598 1779 1649 discessu,
1826 1597 1878 1637 ab
1908 1612 2018 1638 anno
2049 1599 2177 1653 igitur

272 1667 346 1709 59.
409 1669 492 1708 Cur
527 1666 759 1708 dubitemus
801 1682 930 1708 annos
972 1668 1187 1723 Calagurri
1229 1669 1319 1709 foro
1363 1668 1609 1723 scholaeque
1650 1668 1764 1710 datos
1802 1670 1853 1709 iis
1889 1668 2174 1721 adnumerare,

274 1741 346 1796 qui
384 1740 537 1779 Romae
577 1737 720 1777 iisdem
763 1737 885 1778 rebus
925 1739 1099 1794 impensi
1134 1739 1263 1780 sunt?
1332 1738 1453 1779 Miles
1496 1739 1709 1794 stipendiis
1748 1755 1822 1794 per
1856 1741 2003 1795 viginti
2045 1754 2176 1780 anuos

276 1812 429 1851 meritis
462 1811 638 1864 quietem
666 1809 934 1862 impetrabat,
976 1812 1062 1850 sive
1094 1812 1136 1850 in
1169 1811 1284 1850 ltalia
1316 1810 1586 1859 militaverat,
1626 1811 1712 1849 sive
1744 1811 1785 1848 in
1818 1812 2065 1864 provinciis,
2101 1826 2174 1864 pu·

273 1881 503 1923 tabimusne
542 1880 648 1920 idem
692 1880 845 1920 rhetori
889 1895 970 1919 non
1012 1880 1238 1920 accidisse?
1311 1881 1446 1919 Unum
1481 1880 1577 1919 huic
1608 1881 1834 1920 sententiae
1866 1880 2027 1920 videtur
2056 1896 2175 1935 repu-

274 1966 426 2008 gnare,
481 1950 592 2006 quod
632 1951 831 1990 Martialis
874 1957 1055 1990 nostrum
1103 1952 1157 1990 ita
1185 1935 1489 1991 commemorat
1530 1951 1573 1989 in
1615 1951 1795 1991 secundo
1836 1954 2175 2007 epigrammatum

274 2023 409 2072 libro,
455 2029 499 2061 ut
540 2028 954 2077 appareat-tempore
985 2036 1033 2061 eo
1068 2020 1187 2060 laude
1228 2020 1380 2075 dignus
1414 2027 1476 2059 est
1515 2020 1703 2082 habitus,
1744 2037 1828 2076 quo
1867 2037 2014 2061 munus
2054 2038 2197 2063 suum·

276 2092 457 2133 noudum
485 2091 709 2131 abdicasse.
775 2091 858 2131 Sed
884 2091 1045 2131 videtur
1075 2091 1210 2131 modo.
1277 2091 1520 2145 Largiamur
1550 2082 1687 2141 enim,
1738 2098 1784 2131 ut
1813 2092 2013 2131 Martialis
2046 2095 2173 2147 impe-

275 2171 390 2204 rante
419 2164 580 2205 demum
614 2164 850 2203 Domitiano
880 2164 1058 2204 carmina
1089 2177 1162 2201 sua
1192 2162 1373 2201 emiserit
1394 2161 1478 2215 ³3),
1526 2176 1662 2202 nonne
1701 2163 1785 2202 veri
1816 2170 1877 2202 est
1902 2162 2171 2213 simillimum,

274 2235 400 2275 multa
431 2240 517 2274 tum
547 2234 731 2290 prodisse
759 2239 877 2273 antea
909 2234 987 2272 iam
1017 2231 1195 2287 scripta?
1255 2232 1362 2272 Sane
1394 2231 1577 2283 hercule,
1610 2238 1730 2287 atque
1752 2231 1829 2272 alia
1850 2247 1937 2274 esse
1960 2249 2034 2288 pro
2063 2241 2173 2274 certo

274 2307 441 2357 scimus,
469 2320 574 2360 quae
587 2304 665 2346 sub
677 2305 789 2355 Tito,
822 2305 901 2344 alia
921 2305 963 2343 iu
980 2304 1087 2343 libro
1107 2303 1156 2343 de
1170 2302 1428 2357 spectaculis,
1456 2318 1561 2358 quae
1574 2310 1754 2357 tempore
1767 2303 2005 2344 Neroniano
2024 2306 2172 2358 scripta
2205 2316 2212 2323 ·

274 2378 372 2417 sint.
437 2376 521 2417 lam
552 2391 649 2418 vero
680 2378 842 2418 initium
874 2375 1046 2417 docendi
1077 2374 1302 2429 orandique
1333 2374 1367 2413 si
1400 2373 1480 2413 suit
1510 2388 1641 2413 annus
1670 2371 1754 2424 59,
1796 2373 1920 2415 finem
1951 2376 1993 2414 iu
2019 2390 2172 2415 aunum

276 2444 334 2484 79
362 2447 506 2488 cadere
543 2461 707 2487 necesse
738 2455 815 2488 est.
879 2446 1001 2499 Quod
1039 2461 1131 2486 cum
1165 2445 1311 2486 ceteris
1349 2442 1499 2494 rebus,
1548 2458 1650 2497 quae
1690 2452 1988 2494 memorantur,
2049 2445 2173 2485 Plinii

302 2628 354 2665 32)
394 2626 433 2656 Id
456 2627 490 2656 in
513 2626 696 2666 praeseutia
715 2626 824 2656 damus
844 2626 1077 2666 Hieronymum
1098 2626 1205 2657 dicere
1226 2627 1385 2664 voluisse;
1417 2634 1487 2666 post
1507 2632 1609 2657 autem
1630 2627 1815 2666 apparebit,
1846 2634 1879 2657 ut
1901 2627 2015 2663 verba,
2037 2627 2083 2657 ita
2101 2636 2175 2656 nen-

392 2688 459 2709 sum
479 2688 608 2717 quoque
628 2688 647 2709 a
670 2679 842 2710 Dodweno
863 2678 1068 2718 depravatum
1089 2688 1168 2710 esse.

305 2747 358 2779 33)
399 2746 449 2775 Ex
474 2745 639 2775 Dodweni
660 2746 816 2776 sententia
837 2746 953 2775 librum
974 2746 1145 2775 secundum
1166 2753 1238 2775 ante
1259 2746 1351 2775 finem
1373 2746 1444 2775 anni
1469 2747 1507 2776 82
1529 2755 1588 2775 non
1612 2747 1716 2776 edidit
1738 2746 1904 2776 Martialis.

1769 2796 1800 2838 4
