2417 3023
1046 231 1102 237 ...
1160 202 1223 244 55
1284 231 1340 238 -

244 342 265 367 e
292 323 390 364 fisco
416 317 573 372 accepit
599 323 640 357 et
666 315 827 357 claruit.
847 334 860 351 .
931 315 1119 370 Quorum
1150 318 1368 360 verborum
1398 319 1435 359 si
1468 320 1562 375 quis
1593 333 1685 360 cnm
1716 317 1930 361 Dodwello
1964 321 2142 375 explica-

243 397 392 436 tionem
411 388 665 444 ingeniosam
686 387 802 428 malit
819 387 1039 439 adfectare,
1068 403 1189 444 quam
1212 389 1373 439 facilem
1384 389 1462 447 ²⁴¹),
1490 403 1651 440 vereor,
1676 404 1727 431 ne
1753 390 1862 431 idem
1886 390 1948 430 illi
1967 390 2141 441 accidat,

239 464 349 521 quod
365 462 605 518 plerumque
628 459 750 511 solet,
783 466 830 499 ut
852 474 917 499 res
938 460 1081 500 inanes
1103 467 1144 500 et
1163 475 1269 516 quae
1295 460 1441 515 procul
1468 468 1565 500 sunt
1593 467 1739 515 petens
1768 476 1814 500 ea
1840 461 2007 515 perdat,
2037 476 2144 517 quae

236 536 417 591 proxima
441 538 539 571 sunt
567 530 839 585 manibusque
864 523 1072 571 tenentur'.
1134 530 1433 586 Simpliciorem
1462 532 1590 587 igitur
1617 538 1660 573 et
1686 547 1791 587 quae
1819 539 1946 573 artem
1974 533 2143 574 minime

236 605 389 651 redolet
416 584 701 658 propositurus
731 601 782 641 ad
814 590 918 642 illud
948 603 1124 643 maxime
1161 602 1284 643 velim
1315 603 1477 642 animus
1505 602 1764 655 advertatur,
1804 604 1913 644 iuter
1949 606 2139 659 primam,

237 692 356 735 quam
377 674 425 714 de
444 671 578 712 reditu
602 672 852 725 Quintiliani
872 674 1148 729 Hieronymus
1168 673 1336 724 habuit,
1370 674 1618 714 mentionem
1650 682 1773 730 atque
1800 675 1970 716 alteram
1992 676 2042 716 de
2065 691 2139 731 pu·

238 750 342 791 blica
370 750 532 799 accepta
563 743 703 785 schola
734 746 910 800 spatium
942 746 1140 787 interesse
1170 759 1371 786 annorum
1404 745 1579 801 viginti,
1625 759 1701 785 nec
1731 745 1850 787 facile
1881 761 1970 818 effe
1999 745 2049 786 ad
2079 748 2141 786 in-

240 817 529 876 telligendum,
576 830 703 872 quum
732 815 1016 869 Quintilianus
1051 832 1125 872 per
1164 823 1293 858 totum
1324 815 1428 856 illud
1458 817 1635 870 spatium
1666 818 1940 870 praeceptoris
1972 831 2141 857 munere

241 893 401 931 functus
431 889 512 937 sit,
559 902 634 927 cur
662 894 742 927 tam
770 902 862 928 sero
893 888 1055 928 demum
1087 903 1134 929 ea
1164 903 1229 928 res
1259 889 1452 928 memoria
1485 888 1609 942 digna
1640 889 1694 927 sit
1723 888 1874 928 habita.
1951 889 2140 943 Quapro-

238 970 328 1019 pter
356 959 453 1001 mihi
484 958 649 1015 quidem
679 974 919 1015 persuasum
959 966 1045 1012 est,
1085 974 1238 1001 novum
1267 959 1424 1015 aliquid
1454 974 1705 1015 munereque
1740 974 1943 1000 annorum
1981 966 2140 1001 antece-

240 1034 417 1076 dentium
454 1030 585 1071 multo
614 1030 861 1086 praeclarius
892 1032 1187 1088 Hieronymum
1218 1031 1398 1073 voluisse
1431 1047 1613 1073 narrare.
1689 1031 1859 1083 Adhuc,
1902 1045 1953 1071 ne
1990 1030 2141 1087 longus

239 1108 335 1156 sim,
367 1102 649 1156 Quintilianus
679 1104 724 1142 in
754 1103 893 1144 schola
923 1103 1089 1158 quidem
1121 1105 1292 1145 iuvenes
1318 1104 1512 1146 docuerat
1540 1112 1797 1160 centenaque
1823 1118 1960 1143 annua
1990 1117 2013 1143 e
2039 1102 2141 1143 fisco

244 1181 468 1230 acceperat,
516 1173 588 1215 sed
619 1172 758 1215 schola
792 1175 881 1215 eius
911 1189 994 1216 non
1025 1174 1159 1217 fuerat
1191 1176 1378 1232 publica,
1423 1177 1614 1219 salarium
1646 1191 1728 1217 non
1758 1182 1929 1217 eertum.
2006 1175 2141 1230 Atque

238 1263 322 1289 eam
348 1247 472 1301 ipsam
499 1244 551 1286 ob
592 1260 774 1286 caussam
813 1252 1034 1302 utrumque
1071 1247 1148 1287 iam
1192 1248 1350 1304 pridem
1390 1248 1631 1304 deprecatus
1669 1255 1770 1289 erat.
1844 1247 1952 1287 Tum
1989 1261 2087 1287 vero
2117 1262 2138 1286 a

239 1319 414 1373 principe
451 1316 656 1371 publicam
699 1318 855 1372 accepit
891 1316 1072 1358 scholam
1118 1318 1393 1375 salariumque
1434 1327 1606 1361 certum.
1686 1320 1847 1359 Primus
1885 1317 1955 1358 illa
1984 1319 2141 1373 accepit

240 1397 358 1445 atque
387 1388 560 1442 claruit,
604 1390 713 1430 itane
743 1403 868 1429 sanus
899 1388 1064 1445 quidem
1095 1389 1217 1431 homo
1248 1389 1442 1443 dixisset,
1486 1391 1522 1430 si
1548 1397 1589 1431 et
1617 1391 1726 1431 inter
1755 1390 1936 1444 privatas
1964 1388 2138 1429 aliorum

240 1461 420 1511 scholas,
478 1461 604 1501 multo
647 1463 767 1502 etiam
802 1469 896 1501 ante
929 1461 1231 1514 Quintilianum
1262 1462 1549 1517 pervulgatas,
1597 1462 1805 1516 huiusque
1835 1460 2046 1514 publicas,
2099 1451 2142 1500 et

239 1532 341 1572 inter
374 1538 541 1572 centena
582 1547 740 1584 annua,
785 1547 889 1588 qnae
931 1533 1212 1587 Vespasianus
1251 1532 1487 1574 rhetoribus
1525 1534 1818 1584 constituerat,
1863 1532 2138 1587 salai-iamque

239 1602 478 1655 Quintiliani
509 1609 665 1644 certum
696 1603 953 1644 interfuisset
982 1603 1118 1643 nihil?

414 1674 503 1715 Nec
534 1675 694 1714 mireris
724 1673 831 1715 hanc
860 1674 1109 1727 Quintiliani
1144 1676 1472 1716 inconstantiam.
1549 1676 1707 1716 Tantus
1749 1677 1858 1716 enim
1895 1689 2010 1715 amor
2049 1676 2139 1715 eius

239 1742 314 1783 fuit
340 1745 436 1785 artis
465 1746 664 1786 oratoriae
682 1773 695 1796 ,
736 1751 847 1786 tanta
878 1745 1117 1797 admiratio,
1154 1753 1224 1798 ut,
1260 1761 1386 1802 quum
1417 1760 1512 1801 spes
1541 1753 1649 1787 esset
1675 1746 1788 1797 fore,
1829 1752 1902 1797 ut,
1931 1760 2137 1801 quaecun-

239 1828 315 1868 que
340 1816 380 1854 in
409 1815 527 1856 libris
553 1819 639 1857 suis
669 1819 967 1872 praecepisset,
998 1833 1049 1858 ex
1074 1817 1320 1858 obscuritate
1348 1818 1592 1858 scriniorum
1618 1818 1660 1856 in
1685 1818 1808 1857 vitam
1834 1819 1950 1872 quasi
1972 1816 2139 1858 duceret

240 1891 279 1925 et
307 1885 355 1926 ad
383 1887 551 1929 verbum
583 1903 677 1929 vera
705 1887 918 1940 redderet,
958 1887 1257 1944 deprecationis
1282 1903 1380 1928 suae
1412 1889 1624 1930 immemor
1654 1890 1803 1930 iterum
1834 1896 2137 1945 praeceptorem

240 1971 325 1999 sese
353 1961 534 2015 profiteri
566 1961 827 2017 officiumque
865 1959 971 2001 illud
1009 1960 1296 2016 gravissimum
1337 1959 1477 2001 subire
1508 1959 1648 2000 nullus
1681 1959 1898 2001 dubitaret.
1973 1960 2138 2016 Saepis-

239 2030 336 2070 sime
357 2047 438 2073 non
463 2033 597 2073 solum
617 2034 992 2089 grammaticorum,
1019 2032 1091 2073 sed
1115 2031 1324 2071 rhetorum
1349 2045 1514 2086 quoque
1535 2030 1677 2070 falsam
1703 2030 1877 2071 docendi
1901 2030 2137 2072 methodum

238 2101 557 2158 vituperaverat3
589 2112 711 2161 atque
742 2119 787 2145 ea
817 2105 914 2144 vitia
946 2105 989 2144 in
1019 2103 1085 2144 his
1116 2103 1341 2153 detexerat,
1370 2115 1474 2157 quae
1507 2102 1586 2141 nisi
1611 2100 1775 2156 publica
1805 2101 1943 2142 schola
1973 2103 2137 2143 institu-

240 2169 337 2210 enda
366 2175 516 2229 corrigi
548 2189 630 2215 non
660 2181 846 2228 poteraut
865 2173 943 2229 ¹3⁵„
977 2173 1139 2214 tandem
1167 2173 1389 2229 aliquando
1416 2173 1580 2229 publiea
1610 2174 1784 2215 donatus
1808 2173 1964 2226 schola,
1999 2189 2136 2214 nonne

238 2237 405 2284 debebat
432 2245 687 2299 impetratam
721 2245 900 2299 quietem
941 2243 1161 2292 iuvenibus
1199 2243 1434 2285 erudiendis
1477 2243 1613 2285 denuo
1652 2244 1917 2299 impendere?
1989 2244 2135 2285 Audeo

237 2313 454 2366 suspicari,
511 2331 757 2372 quamquam
795 2323 959 2357 auctore
1003 2323 1114 2357 certo
1147 2315 1394 2366 destitutus,
1449 2316 1585 2370 ipsum
1629 2331 1651 2355 a
1695 2316 1931 2357 Domitiano
1976 2316 2135 2356 fautore

237 2383 407 2426 scholam
435 2386 640 2442 publicam
671 2388 851 2442 petiisse.

260 2517 311 2551 24)
350 2517 391 2550 V.
411 2529 506 2560 supra
526 2530 557 2561 p.
581 2521 629 2551 25.

262 2571 312 2605 25)
351 2572 433 2604 Illud
456 2584 550 2605 unum
569 2575 645 2606 satis
665 2575 727 2605 erit
747 2574 788 2604 ad
809 2573 1004 2614 probandam
1026 2572 1106 2602 hanc
1126 2572 1330 2612 opinionem,
1362 2572 1449 2611 quod
1471 2573 1503 2602 in
1527 2572 1632 2611 primo
1653 2572 1758 2611 capite
1777 2571 1854 2601 libri
1876 2571 2011 2602 secundi
2035 2572 2138 2603 Quin-

348 2625 474 2659 tilianus
491 2630 656 2668 queritur,
678 2634 710 2659 et
727 2629 872 2659 rhetores
884 2636 955 2657 suas
978 2633 1084 2666 partes
1106 2627 1263 2663 omisisse,
1284 2633 1316 2657 et
1336 2625 1557 2664 grammaticos
1579 2625 1700 2656 alienas
1720 2623 1946 2663 occupavisse;
1967 2634 2039 2656 nam
2059 2626 2136 2656 illos

350 2677 525 2712 declamare
553 2681 647 2712 modo
676 2687 709 2712 et
735 2680 899 2711 scientiam
926 2679 1124 2709 declamandi
1151 2688 1189 2709 ac
1209 2680 1390 2710 facultatem
1410 2679 1535 2709 tradere
1556 2679 1661 2709 officii
1684 2679 1734 2709 sui
1763 2679 1903 2717 ducere;
1944 2680 2004 2709 hos
2030 2684 2136 2709 autem

351 2741 413 2762 non
439 2736 514 2766 satis
536 2735 671 2766 credere
691 2735 862 2774 excepisse
890 2733 1024 2771 relicta,
1060 2733 1117 2764 sed
1137 2733 1178 2764 ad
1209 2731 1465 2772 prosopopoeia
1491 2740 1591 2769 usque
1620 2738 1652 2762 et
1679 2731 1720 2762 ad
1749 2732 1927 2770 suasorias,
1967 2732 1999 2761 in
2020 2731 2137 2769 quibus

350 2795 429 2818 onus
449 2788 579 2820 dicendi
600 2789 652 2820 vel
670 2789 841 2821 maximum
864 2789 925 2826 sit,
946 2788 1137 2827 irrumpere.
1181 2785 1247 2817 Sed
1268 2791 1367 2816 totum
1388 2784 1471 2815 illud
1493 2790 1589 2824 caput
1608 2784 1694 2815 idem
1714 2784 1908 2816 demonstrat
1928 2784 2049 2822 aliique
2069 2784 2134 2814 loci

349 2840 449 2872 multi.

1729 2889 1759 2930 5
