2417 3023
1055 129 1342 170 ..15-

436 250 517 293 Sed
561 252 682 292 breve
723 247 841 290 modo
883 247 1025 288 aetatis
1066 247 1242 302 spatium
1278 245 1492 302 Calagurri
1526 243 1653 300 degit.
1716 242 1840 297 Quod
1868 258 1920 284 ex
1947 243 1997 283 iis
2022 245 2146 283 mani·

249 327 398 366 festum
436 330 520 375 est,
569 336 674 378 quae
708 320 924 361 admodum
963 318 1096 359 adhuc
1135 320 1323 358 invenem
1355 318 1396 356 in
1437 316 1650 356 auditoriis
1680 315 2027 370 societatibusque
2061 330 2149 355 ora-

249 395 386 438 torum‘
425 396 700 436 Romanorum
737 392 856 434 nobis
897 389 1134 432 ostendunt.
1215 388 1403 428 Fortasse
1444 393 1488 427 ut
1517 388 1577 427 M.
1614 388 1809 428 Annaeus
1848 387 2004 429 Seneca
2043 387 2151 427 lilios

248 483 344 509 suos
374 466 588 509 Cordubae
626 472 743 505 natos
781 462 959 502 infantes
998 461 1084 501 fere
1128 475 1150 500 e
1190 460 1398 514 provincia
1443 473 1581 499 secum
1622 459 1740 499 duxit
1775 461 1944 499 Romam
1966 461 2046 514 1³),
2096 461 2150 499 ita

248 539 529 592 Quintilianus
559 536 703 590 primis
734 535 811 573 iam
853 533 1051 588 pueritiae
1082 532 1200 571 annis
1240 545 1331 570 cum
1373 536 1486 584 patre
1517 531 1759 585 Hispaniam
1797 529 1990 586 reliquit,
2036 545 2151 585 prae·

248 612 385 652 sertim
412 609 447 649 si
481 621 622 647 verum
653 611 742 657 est,
789 603 898 660 quod
926 610 1023 644 sunt
1048 604 1119 659 qui
1146 608 1317 657 putent,
1362 601 1473 643 hunc
1504 602 1678 644 rhetoris
1712 617 1882 644 munere
1914 602 2150 643 functurum

247 681 390 723 urbem
433 679 614 734 petiisse.
676 677 765 718 Nec
798 691 895 717 vero
936 677 1073 716 minus
1108 674 1284 714 libenter
1314 674 1562 725 assentirer,
1605 676 1640 713 si
1671 676 1763 730 quis
1793 674 1932 715 sedem
1961 681 2151 715 mutatam

247 751 512 795 contenderet
548 764 656 789 anno
688 748 850 791 demum
883 744 959 787 49.
1050 747 1119 787 Sic
1158 746 1267 786 enim
1309 760 1451 786 caussa
1488 754 1728 801 appareret,
1789 763 1869 788 non
1907 746 2039 787 solum
2080 761 2153 788 cur

247 825 448 864 actionem
480 821 591 861 illam
624 819 806 859 Passieni
842 833 914 873 per
944 818 1089 858 famam
1132 816 1250 858 modo
1282 824 1443 868 nosset,
1494 825 1674 858 actorum
1713 820 1895 871 scilicet,
1943 836 2049 876 quae
2088 835 2153 859 res

249 896 290 934 in
324 894 423 935 urbe
451 900 587 949 gestas
619 890 807 931 celeriter
836 891 876 929 in
905 891 1137 944 provincias
1164 889 1477 945 promulgabant
1500 891 1581 946 ι4),
1621 890 1880 932 librariorum
1903 892 1956 946 ¹⁵)
1987 906 2153 946 quoque

247 973 287 1007 et
327 966 520 1005 iuvenum
562 963 782 1002 amicorum
811 960 866 1018 16)
906 988 954 993 —
1005 977 1252 1017 quamquam
1281 977 1380 1018 'non
1413 977 1547 1017 nego,
1592 964 1710 1003 etiam
1739 971 1906 1019 propter
1937 964 2152 1019 pueritiam

249 1036 352 1076 illud
390 1035 480 1076 {ieri
521 1034 730 1089 potuisse3
776 1034 914 1087 pueris
952 1034 1060 1073 enim
1102 1048 1183 1073 non
1219 1033 1337 1074 licuit
1373 1035 1602 1076 actionibus
1642 1038 1685 1075 in
1730 1036 1820 1078 soro
1851 1038 2046 1077 interesse
2077 1062 2150 1085 —‚

248 1107 320 1148 sed
358 1108 477 1147 etiam
512 1120 586 1146 eur
624 1111 930 1158 praeceptorum
969 1105 1162 1155 nomina,
1215 1105 1325 1160 quod
1371 1105 1470 1146 alias
1512 1122 1592 1146 non
1637 1108 1772 1147 minus
1811 1106 2026 1148 obscurum
2073 1113 2151 1155 est,

249 1193 367 1234 qnam
400 1175 711 1224 admirandum,
745 1175 946 1214 immerito
977 1181 1141 1214 taceret.

750 1303 830 1339 De
862 1302 1283 1346 praeceptoribus
1312 1303 1627 1344 Quintiliani.

403 1390 550 1432 Vetera
584 1389 790 1432 luvenalis
821 1390 977 1432 scholia
1000 1391 1032 1446 ¹)
1064 1389 1345 1433 Palaemonem
1377 1392 1542 1448 quidem
1573 1390 1882 1449 grammaticum
1913 1391 2153 1447 magistrum

246 1460 494 1516 Quintiliani
523 1459 732 1512 adferunt,
767 1461 838 1501 sed
870 1475 1029 1513 vereor,
1066 1466 1111 1501 ut
1138 1468 1261 1517 recte.
1306 1462 1591 1515 Quintilianus
1621 1464 1747 1514 enim,
1780 1461 1875 1503 licet
1900 1461 2028 1502 semel
2042 1461 2152 1502 haud

245 1533 395 1584 dubie,
430 1533 603 1572 fortasse
633 1539 767 1573 autem
797 1532 860 1573 bis
888 1540 928 1573 et
954 1540 1016 1573 ter
1042 1536 1289 1575 mentionem
1314 1536 1403 1575 eius
1431 1535 1599 1586 feeerit,
1632 1534 1682 1575 de
1711 1548 1757 1574 ea
1787 1540 1920 1573 tamen
1952 1547 1994 1572 re
2024 1531 2151 1573 altum

246 1604 424 1644 servavit
460 1603 685 1643 silentium.
762 1603 880 1644 Nihil
917 1604 1039 1654 dicit,
1086 1605 1165 1643 nisi
1196 1604 1478 1645 Palaemonem
1511 1618 1584 1644 sua
1615 1610 1746 1648 ,aetate
1775 1617 1838 1644 res
1869 1604 2152 1658 grammaticas

247 1679 438 1713 tractasse
458 1672 513 1728 ²).
588 1673 683 1725 Quo
718 1674 895 1723 accedit,
943 1679 989 1712 ut
1019 1673 1236 1712 Palaemon
1267 1675 1493 1727 principem
1524 1674 1689 1728 quidem
1720 1674 1856 1713 locum
1883 1675 1991 1712 inter
2019 1689 2152 1728 gram·

276 1810 325 1844 13)
366 1807 489 1838 Seneca
508 1806 550 1836 de
570 1807 787 1837 consolatione
807 1807 847 1838 ad
869 1813 1010 1838 matrem.
1198 1840 1201 1842 ,

276 1863 326 1898 14)
342 1900 346 1903 ¹
365 1859 494 1891 Ernesti
515 1868 586 1888 exc.
608 1859 648 1888 ad
670 1859 815 1889 Suetonii
837 1860 932 1889 vitam
952 1861 1098 1890 Caesaris
1118 1871 1145 1890 c.
1165 1861 1215 1891 w.
1256 1862 1297 1890 cf.
1319 1862 1438 1890 Bernh.
1462 1862 1484 1891 1.
1507 1872 1534 1891 c.
1559 1871 1588 1900 p.
1611 1863 1662 1892 31.

274 1916 323 1953 15)
363 1914 500 1951 Manno,
527 1910 722 1943 Vermischle
742 1910 990 1951 Abhandlunyen
1012 1921 1043 1952 p.
1064 1912 1123 1942 274
1143 1920 1214 1950 sqq.

274 1970 324 2004 16)
363 1967 451 1998 Dial.
472 1966 513 1997 de
533 1976 581 1997 or.
602 1967 650 1997 20.
683 1965 875 2004 traduntque
901 1965 1039 1996 invicem
1067 1974 1105 1996 ac
1129 1975 1226 2005 saepe
1254 1964 1286 1995 in
1313 1964 1457 1995 colonias
1483 1973 1520 1995 ac
1541 1963 1724 2005 provincias
1746 1972 1817 1994 suas
1838 1963 2000 2003 scribunt,
2031 1966 2099 1997 sire
2119 1967 2151 1997 in

362 2021 429 2051 suis
448 2019 567 2057 aliquis
588 2024 701 2056 arguta
721 2024 753 2049 et
774 2019 865 2048 brevi
885 2019 1042 2049 sententia
1062 2018 1202 2055 effulsit,
1231 2018 1300 2049 sive
1320 2019 1411 2048 locus
1430 2018 1593 2056 exquisito
1614 2025 1645 2048 et
1665 2018 1791 2057 poetico
1813 2019 1900 2047 cultu
1921 2019 2044 2049 enituit.

295 2077 325 2111 1)
365 2072 404 2103 ad
426 2072 494 2103 Iuv.
516 2070 582 2101 Sat.
604 2072 641 2107 6,
663 2071 733 2102 452.

292 2128 323 2161 2)
365 2125 442 2155 Inst.
463 2129 541 2153 orat.
566 2124 602 2159 1,
623 2125 660 2159 4,
681 2123 731 2154 20,
792 2124 829 2154 ln
856 2124 957 2154 altero
986 2124 1059 2154 loco
1087 2127 1123 2160 1,
1145 2126 1182 2162 5,
1203 2126 1243 2155 60
1271 2130 1396 2163 praeter
1424 2134 1537 2154 nomen
1564 2124 1648 2154 nihil
1677 2124 1831 2164 scriptum
1858 2131 1923 2160 est,
1964 2125 2052 2162 quod
2081 2135 2151 2156 cum

365 2177 498 2209 Graecis
516 2177 700 2207 Telamonis
722 2177 932 2214 Platonisque
952 2178 1154 2208 coniunctum
1176 2177 1230 2207 vix
1254 2177 1331 2207 sinit
1352 2177 1393 2207 de
1417 2178 1623 2215 grammatico
1655 2183 1764 2207 nostro
1789 2175 1934 2213 cogitari.
1987 2177 2024 2206 ln
2056 2177 2151 2208 tertio

363 2232 458 2261 etiam
480 2232 552 2261 loco
572 2233 622 2268 (l,
643 2233 681 2267 6,
704 2232 756 2260 35)
778 2239 847 2259 eum
870 2230 1113 2268 intelligendum
1135 2236 1225 2269 putat
1245 2230 1455 2260 Burmannus.
1498 2230 1548 2259 lbi
1570 2229 1652 2258 enim
1674 2229 1912 2264 Quintilianus,
1945 2238 2041 2266 quum
2064 2230 2149 2259 docti

364 2283 526 2314 cuiusdam
548 2283 611 2313 viri
633 2281 818 2322 opinionem
840 2282 1010 2320 retulerit,
1041 2283 1165 2313 stellam
1186 2282 1303 2312 dictam
1329 2291 1421 2320 esse,
1453 2282 1530 2320 quia
1557 2281 1686 2312 luminis
1712 2287 1796 2311 esset
1822 2281 1931 2318 stilla,
1964 2282 2015 2312 his
2044 2284 2150 2321 pergit

367 2335 489 2378 verbis:
534 2336 642 2366 »cuius
663 2334 880 2375 etymologiae
901 2341 1081 2373 auctorem,
1113 2335 1233 2366 clarum
1255 2344 1329 2365 sane
1355 2335 1388 2364 in
1412 2335 1534 2371 literis,
1570 2333 1732 2363 nominare
1760 2343 1798 2363 ea
1824 2340 1934 2373 parte,
1967 2343 2029 2371 qua
2055 2343 2074 2364 a
2101 2345 2149 2365 me

365 2387 622 2429 reprehenditur,
644 2387 844 2418 inhumanum
860 2394 936 2418 est.«
980 2389 1023 2420 At
1044 2398 1081 2419 ea
1101 2398 1246 2427 quoque,
1267 2396 1349 2425 quae
1371 2390 1399 2425 l,
1420 2390 1451 2426 4,
1472 2389 1511 2419 20
1532 2388 1572 2418 de
1585 2387 1775 2418 Palaemone
1795 2394 2018 2418 commemorat
2038 2396 2150 2428 repre-

364 2441 548 2472 hensionem
568 2440 725 2477 quandam
747 2441 918 2472 continent.
959 2442 1028 2472 Nec
1050 2442 1143 2471 video
1164 2452 1222 2472 cur
1236 2441 1438 2472 Palaemonis
1458 2441 1627 2480 opiniones
1648 2441 1888 2480 reprehendere
1909 2449 1970 2470 non
1989 2440 2151 2478 debuerit,

365 2504 460 2533 quum
483 2495 533 2526 vel
554 2494 656 2534 ipsum
679 2492 872 2529 Domitium,
902 2503 995 2533 quem
1022 2495 1062 2525 ad
1093 2495 1279 2527 imitandum
1307 2494 1369 2525 sibi
1399 2500 1631 2534 proposuerat,
1663 2503 1853 2534 quamquam
1874 2495 1937 2525 alia
1957 2494 1990 2523 in
2012 2504 2066 2532 re,
2100 2505 2148 2526 re-

364 2549 571 2587 prehenderit
600 2549 670 2586 (12,
694 2549 746 2584 ll,
767 2548 810 2584 3).
862 2547 962 2578 Quam
983 2548 1025 2577 ob
1045 2558 1184 2579 caussam
1206 2549 1296 2579 illum
1317 2549 1421 2578 locum
1443 2548 1482 2578 ad
1504 2548 1694 2586 scriptorem
1714 2549 1870 2586 quendam
1893 2548 1950 2577 illa
1969 2555 2072 2578 aetate
2093 2550 2150 2578 ad-

365 2601 426 2631 huc
447 2601 551 2631 vivum
573 2610 687 2632 censeo
708 2600 879 2642 pertinere.
931 2601 1062 2633 Constat
1087 2602 1172 2632 enim
1192 2600 1422 2634 Quintilianum
1444 2600 1533 2630 vivos
1561 2600 1693 2631 laudare
1713 2600 1871 2637 noluisse;
1914 2608 2039 2639 »parco
2052 2624 2060 2637 ,
2094 2601 2149 2637 ait,

366 2657 411 2692 (3,
437 2657 468 2689 l,
489 2656 541 2692 21)
580 2655 761 2684 nominibus
789 2653 982 2693 viventium;
1018 2657 1125 2688 veniet
1152 2666 1260 2687 eorum
1288 2655 1376 2685 laudi
1406 2664 1494 2684 suum
1524 2661 1669 2693 tempus;
1711 2654 1750 2683 ad
1774 2661 1919 2692 posteros
1939 2653 2024 2683 enim
2049 2654 2149 2685 virtus

366 2706 512 2745 durabit,
545 2716 606 2737 non
629 2706 798 2747 perveniet
819 2705 977 2737 invidia-e
1032 2709 1137 2748 Atque
1159 2709 1241 2740 illud
1263 2707 1393 2747 quidem
1415 2707 1574 2738 indicasse
1596 2706 1743 2743 videtur,
1772 2715 1868 2745 quum
1889 2706 1953 2737 viri
1975 2707 2080 2744 illius,
2114 2715 2147 2739 ut

368 2761 453 2798 vivi,
476 2762 662 2791 mentionem
684 2769 754 2789 cum
778 2760 873 2789 laude
893 2770 955 2790 non
976 2761 1091 2799 faciat,
1114 2763 1315 2794 inhumanum
1336 2772 1404 2793 esse
1425 2773 1494 2793 cum
1517 2762 1753 2801 vituperatione
1774 2762 1887 2791 facere.
