2417 3023
1050 177 1096 181 -.
1162 150 1216 189 19
1275 176 1330 180 „-

235 263 390 304 nullius
427 267 559 303 sectae
595 263 705 304 velut
742 265 915 321 quadam
946 266 1238 320 superstitione
1268 263 1469 304 imbutum
1501 278 1545 304 se
1576 265 1780 305 addixerit
1801 265 1883 321 ³⁰),
1928 278 1977 304 eo
2010 271 2138 306 tamen

234 331 456 387 perductus
486 341 548 373 est
568 334 750 376 Domitio
776 342 970 386 anctore,
1003 343 1049 376 ut
1077 335 1317 377 Ciceronem
1348 342 1592 389 ceterosque
1625 350 1795 385 aureae,
1829 351 1951 392 quam
1982 336 2140 386 dicunt,

233 402 376 443 aetatis
415 404 596 444 oratores
637 419 759 458 quam
803 406 979 445 maxime
1018 404 1169 450 coleret
1188 404 1273 460 ³¹),
1322 405 1570 445 recentiores
1615 413 1780 456 eontra,
1836 415 1881 448 ut
1923 406 2139 457 Senecam,

232 488 360 530 aeque
380 480 685 529 aspernaretur,
715 481 840 530 atque
860 474 1116 530 antiquitatis
1129 472 1412 526 admiratores,
1451 488 1625 530 qnorum
1650 475 1925 529 intemperans
1942 477 2141 516 orationis

232 545 437 586 obsoletae
474 559 589 584 amor
620 551 705 584 tum
743 546 865 586 latius
902 554 1090 600 coeperat
1132 547 1270 600 vagari
1295 545 1369 601 3²).
1449 544 1574 597 Quod
1616 545 1712 585 iude
1750 548 1924 586 maxime
1968 546 2138 602 colligo,

231 615 342 671 quod
372 616 460 669 ipse
490 613 716 667 Domitius,
761 623 958 671 utsupra
989 616 1097 667 dixi,
1144 621 1326 656 veterum
1375 615 1604 670 appellatur
1646 614 1863 668 aemulus;
1910 623 1951 656 et
1990 618 2031 657 in
2069 631 2137 658 ve·

230 686 386 728 teribus
422 685 534 728 baud
572 686 696 729 dubie
739 688 976 729 Ciceronem
1025 694 1134 731 recte
1178 701 1457 728 numeramus.
1544 687 1631 728 Nec
1676 702 1773 729 vero
1810 687 1897 728 sola
1939 688 2028 728 eius
2065 687 2136 727 do-

229 758 362 797 ctrina>
392 771 463 811 per
491 758 623 797 virum
649 757 767 797 illum
797 758 1109 798 celeberrimum
1137 757 1289 798 directa
1319 764 1381 798 est
1412 765 1452 797 et
1481 758 1757 807 conformata,
1806 758 1903 808 sed,
1953 758 1994 797 id
2025 759 2137 812 quod

230 828 364 867 statim
396 843 419 868 e
448 826 718 884 sequentibus
748 828 981 882 apparebit,
1013 830 1132 869 etiam
1165 829 1245 867 vita
1263 827 1335 881 33).

520 1009 820 1053 Quintilian!
852 1010 1103 1047 discessus
1136 1010 1191 1046 ln
1224 1011 1519 1057 Hispaniam
1554 1014 1606 1048 et
1637 1012 1846 1049 reditus.

420 1110 722 1166 Hieronymus,
761 1109 1020 1151 doctissimus
1050 1110 1335 1151 chronicorum
1368 1111 1695 1152 Eusebianorum
1727 1115 1954 1168 interpres,
1984 1112 2034 1152 ad
2065 1112 2131 1152 ⁰1.

229 1179 341 1231 211,
370 1179 402 1220 4
432 1181 486 1236 (a.
516 1180 595 1221 Ch.
623 1179 699 1235 69)
732 1180 832 1220 haec
860 1180 1094 1221 adnotavit:
1141 1182 1228 1220 -M.
1265 1181 1418 1223 Fabius
1449 1183 1733 1236 Quintilianus
1763 1186 1934 1224 Romam
1959 1198 1981 1223 a
2006 1183 2136 1224 Galba

228 1251 480 1307 perducitur.
545 1241 805 1304 Quibuscum
831 1252 867 1292 si
897 1252 1034 1292 animo
1060 1253 1324 1294 coniunxeris
1354 1269 1460 1310 quae
1491 1254 1618 1297 altero
1645 1256 1736 1298 loco
1762 1270 1885 1310 supra
1911 1257 1992 1296 iam
2012 1257 2137 1297 citato

228 1323 336 1364 idem
368 1330 529 1374 narrat,
566 1323 869 1376 Quintilianum
900 1337 952 1363 ex
975 1323 1174 1378 Hispania
1199 1323 1553 1380 Calagurritanum
1584 1327 1738 1378 fuisse,
1771 1326 1868 1367 licet
1897 1328 1986 1381 ipse
2002 1327 2136 1380 Quin-

228 1393 396 1435 tilianus
423 1394 474 1436 de
501 1410 547 1436 ea
572 1410 615 1436 re
646 1394 752 1436 nihil
778 1395 996 1436 memoriae
1022 1394 1278 1450 prodiderit,
1312 1396 1432 1438 facile
1460 1403 1594 1439 tamen
1624 1397 1699 1439 tibi
1724 1385 2009 1454 persuadebis,
2042 1412 2135 1439 eum

252 1560 305 1596 30)
345 1558 424 1589 Inst-
446 1564 528 1590 orat.
548 1561 586 1597 3,
610 1563 645 1598 1,
664 1561 714 1592 2².

252 1626 305 1661 31)
345 1624 449 1665 Saepe
471 1625 613 1656 divinam
633 1627 738 1657 Tullii
767 1628 877 1659 laudat
900 1627 1117 1665 eloquentiam
1144 1626 1195 1663 (2,
1218 1628 1276 1664 16,
1299 1628 1332 1661 ⁷)
1360 1628 1496 1664 eiusque
1521 1626 1777 1657 observationem
1804 1626 2017 1657 certisdmum
2043 1636 2136 1666 prae-

344 1676 431 1708 dicat
451 1684 691 1718 praeceptorum
710 1687 812 1717 genus
832 1680 894 1716 (u,
908 1681 937 1716 l,
949 1681 1011 1717 ⁷1).
1054 1678 1216 1718 Imprimis
1235 1683 1352 1716 autem,
1375 1684 1493 1716 quanta
1514 1678 1707 1709 verecundia
1719 1678 1909 1709 Ciceronem
1930 1681 2134 1720 spectaverit,

345 1740 387 1761 ex
410 1730 452 1761 iis
472 1738 623 1770 apparet,
653 1742 735 1769 quae
755 1734 792 1769 3,
814 1734 852 1766 2,
872 1733 912 1763 20
932 1732 1076 1769 iudicat3
1118 1731 1358 1770 »Praecipuum
1384 1740 1482 1768 vero,
1513 1731 1575 1768 ait,
1604 1732 1711 1762 lumen
1733 1732 1819 1763 sicut
1839 1734 2062 1771 eloquentiae,
2091 1735 2135 1764 ita

344 1784 528 1824 praeceptis
555 1794 685 1824 quoque
714 1785 784 1816 eius
811 1784 902 1816 dedit
927 1785 1054 1815 unicum
1077 1783 1163 1823 apud
1184 1792 1242 1814 nos
1262 1783 1424 1823 specimen
1445 1783 1561 1813 orandi
1582 1783 1783 1822 docendique
1803 1786 1960 1815 oratorias
1980 1791 2066 1816 anes
2086 1786 2131 1816 Μ.

343 1837 495 1875 Tullius,
539 1845 609 1877 post
629 1849 724 1876 quem
746 1846 854 1870 tacere
874 1839 1141 1870 modestissimum
1164 1838 1266 1874 foret,
1298 1838 1360 1868 nisi
1390 1843 1422 1868 et
1449 1836 1630 1868 rhetoricos
1659 1846 1735 1867 suos
1756 1837 1827 1877 ipse
1847 1838 2046 1869 adolescenti
2067 1838 2133 1870 sibi

344 1890 472 1930 elapms
492 1889 635 1925 diceret,
665 1896 698 1922 et
718 1891 751 1921 in
772 1892 924 1922 oratoriis
945 1892 1023 1921 haec
1044 1891 1184 1927 minora,
1204 1898 1287 1926 quae
1309 1890 1498 1928 plerumque
1518 1889 1761 1928 desiderantur,
1782 1890 1888 1920 sciens
1906 1891 2093 1922 omisisset.-

253 1960 305 1997 32)
346 1960 424 1990 lust.
456 1964 536 1989 orat.
564 1960 599 1995 2,
620 1959 656 1996 5,
677 1959 726 1989 21.
788 1958 963 1995 Postquam
990 1957 1176 1988 Ciceronem
1207 1960 1240 1985 et
1271 1961 1304 1985 ut
1333 1955 1471 1993 quisque
1500 1961 1550 1985 est
1580 1955 1734 1985 Ciceroni
1763 1955 1947 1986 simillimus
1977 1957 2134 1995 legendos

344 2011 561 2044 Quintilianus
582 2009 830 2048 commendavit,
851 2009 900 2040 sie
922 2009 1047 2050 pergit:
1083 2008 1174 2038 »Duo
1195 2014 1297 2037 autem
1319 2016 1439 2045 genera
1459 2007 1597 2037 maxime
1617 2007 1758 2037 cavenda
1780 2008 1889 2046 pueris
1909 2013 2004 2047 μυίας
2026 2018 2133 2047 unum,

343 2074 384 2094 ne
405 2064 479 2101 quis
500 2073 555 2093 eos
576 2064 777 2101 antiquitatis
799 2063 916 2093 nimius
937 2063 1111 2093 admirator
1131 2062 1163 2091 in
1179 2060 1396 2091 Gracchorum
1408 2060 1602 2098 Catonisque
1623 2067 1656 2091 et
1669 2060 1805 2090 aliorum
1819 2060 1972 2090 similium
1991 2061 2134 2093 lectione

343 2116 513 2146 durescere
533 2116 629 2155 velit3
661 2117 739 2148 fient
759 2117 843 2148 enim
865 2117 993 2147 horridi
1014 2122 1108 2154 atque
1130 2113 1250 2152 ieiuni3
1278 2114 1430 2150 alterum,
1458 2113 1544 2151 quod
1572 2113 1645 2142 huic
1667 2111 1829 2142 diversum
1848 2118 1914 2149 est,
1934 2122 1974 2142 ne
1995 2116 2133 2144 recentis

344 2170 439 2201 buius
458 2169 610 2200 lasciviae
630 2169 776 2201 flosculis
796 2170 883 2209 capti
905 2170 1067 2209 voluptate
1087 2168 1223 2206 quadam
1245 2176 1343 2207 prava
1363 2166 1576 2202 deliniantur,
1610 2172 1644 2197 ut
1671 2165 1846 2205 praedulce
1873 2166 1955 2196 illud
1979 2176 2081 2205 genus
2101 2173 2134 2198 et

343 2223 523 2263 puerilibus
544 2222 683 2260 ingeniis
702 2222 764 2252 hoc
784 2222 925 2261 gratius,
958 2231 1023 2260 quo
1045 2222 1178 2261 propius
1200 2227 1264 2258 est,
1297 2220 1454 2251 adament.
1510 2221 1612 2250 Paulo
1632 2225 1705 2249 ante
1727 2220 1779 2255 (2,
1800 2221 1836 2252 ⁵,
1858 2220 1909 2255 1⁰)
1931 2219 1966 2248 in
1986 2219 2131 2249 oratione

343 2276 556 2306 recentiorum
578 2284 649 2305 esse
672 2274 716 2304 ait
737 2274 837 2305 multa
856 2274 1056 2314 impropria,
1086 2276 1238 2310 obscura,
1265 2273 1403 2311 tumida,
1433 2272 1584 2307 humilia,
1606 2271 1753 2309 sordida,
1775 2271 1912 2309 lasciva,
1933 2272 2129 2308 effeminata

343 2329 423 2362 naec
443 2335 546 2359 tamen
568 2337 631 2358 non
652 2327 778 2358 laudari
802 2328 897 2358 modo
917 2337 937 2358 a
957 2329 1143 2367 plerisque,
1175 2327 1229 2358 sed
1252 2332 1388 2366 propter
1409 2326 1470 2355 hoc
1491 2326 1610 2364 ipsum,
1641 2324 1728 2362 quod
1749 2323 1813 2355 sint
1841 2332 1959 2363 prava,
1992 2323 2128 2354 landari.

343 2381 456 2419 Neque
475 2390 553 2410 vero
574 2386 684 2418 negat,
712 2380 842 2411 multam
862 2390 990 2419 quoqne
1011 2381 1052 2411 iis
1071 2372 1183 2411 adesse
1202 2379 1369 2415 virtutem,
1401 2378 1554 2416 quosdam
1583 2377 1679 2407 etiam
1709 2385 1799 2413 esse,
1830 2385 1911 2415 quos
1940 2382 2023 2406 totos
2057 2376 2130 2405 imi-

344 2433 406 2466 tari
425 2438 573 2472 oporteat
594 2434 641 2470 (2,
663 2435 696 2471 5,
718 2434 758 2464 24
778 2435 871 2472 sqq.).

250 2502 302 2536 33)
342 2500 413 2531 Quo
434 2509 516 2530 anno
538 2499 754 2530 Quintilianus
774 2500 933 2538 inceperit
953 2510 1082 2539 operam
1103 2501 1180 2530 dare
1203 2497 1348 2528 Domitio
1378 2498 1533 2526 nescimus
1561 2495 1711 2532 quidem,
1745 2495 1799 2524 sed
1829 2495 1997 2524 admodum
2024 2495 2130 2524 adbuc

341 2553 467 2584 iuvenis
490 2558 543 2584 ant
563 2561 645 2582 anno
665 2553 723 2589 50,
753 2558 806 2582 ant
827 2553 938 2593 paullo
959 2560 1031 2585 ante
1060 2555 1145 2585 inter
1165 2552 1329 2583 auditores
1350 2549 1419 2580 eius
1441 2549 1542 2580 fuisse
1564 2548 1699 2579 videtur.
1764 2548 1832 2579 Nisi
1863 2546 1966 2585 enim,
2002 2548 2128 2586 opinor,

342 2606 478 2637 Domitii
499 2606 647 2636 doctrina
669 2606 730 2634 iam
752 2605 866 2636 fnisset
887 2608 1038 2644 imbutus,
1060 2617 1164 2644 ⁴quum
1186 2607 1311 2636 Seneca
1332 2604 1473 2639 rediret,
1506 2609 1540 2632 ut
1565 2602 1666 2632 ceteri
1696 2602 1825 2631 iuvenes
1846 2601 1981 2630 Romani
2008 2609 2039 2631 et
2061 2602 2129 2640 ipse

342 2665 584 2701 praeceptorem
614 2658 675 2690 sibi
708 2660 892 2699 sumpsisset
920 2660 1021 2692 virum
1049 2660 1143 2691 istum
1170 2667 1243 2691 tunc
1271 2656 1425 2696 temporis
1453 2655 1535 2685 inter
1564 2655 1772 2695 philosophos
1796 2653 1993 2691 dicendique
2014 2664 2130 2692 gnaros

344 2712 596 2743 celeberrimum.
650 2715 693 2743 At
716 2723 797 2743 anno
819 2716 857 2744 50
878 2714 1056 2744 Domitium
1077 2714 1138 2743 iam
1160 2712 1324 2742 audiverat
1345 2716 1486 2740 veterum
1508 2709 1701 2745 studiosum,
1734 2717 1827 2746 quam
1848 2709 1890 2737 ob
1912 2717 2051 2738 caussam
2071 2708 2129 2739 Se-

344 2774 439 2796 necae
458 2763 698 2799 adversabatur,
720 2766 887 2805 repudiata
907 2766 1054 2797 oratione
1076 2766 1144 2797 eius
1169 2764 1291 2796 vitiosa.

1692 2814 1748 2854 5.
