2417 3023
1067 122 1356 165 -51—

258 251 386 305 possit
414 248 492 287 hoc
523 246 607 286 fere
638 246 775 285 modo.
838 244 1012 284 Constat
1033 243 1167 293 enim,
1200 239 1528 293 Quintilianum,
1562 247 1608 279 ut
1635 242 1853 294 scriptores
1874 240 1999 280 illius
2023 242 2162 280 aetatis

258 326 414 361 tantum
445 332 527 358 non
564 331 736 368 omnes,
788 316 1067 356 Domitianum
1112 311 1376 352 vehementer
1415 326 1504 352 esse
1545 310 1769 351 adulatum.
1850 312 1983 352 Deum
2025 310 2161 361 illum,

259 404 502 447 quamquam
532 403 584 428 ex
614 387 746 429 edicto
776 387 975 443 principis
997 385 1069 442 1⁷),
1103 382 1280 438 appellat
1299 382 1373 439 18),
1406 383 1597 437 pietatem
1624 383 1714 421 eius
1742 397 1985 439 morumque
2014 383 2162 424 sancti·

258 468 379 501 tatem
411 475 533 515 quam
564 461 739 499 maxime
768 459 907 498 laudat
931 458 1009 514 ι9),
1056 458 1100 496 in
1132 469 1302 495 numero
1337 460 1547 508 poetarum
1584 455 1787 508 insignem
1828 469 1920 493 eum
1958 463 2081 510 atque
2120 462 2163 494 ut

259 533 301 572 in
332 530 546 582 omnibus,
580 531 633 571 ita
666 531 709 569 in
738 528 972 585 eloquentia
1003 542 1168 584 quoque
1200 525 1567 567 eminentissimum
1601 523 1808 578 praedicat
1826 523 1904 580 ²⁰),
1939 541 2002 566 res
2027 533 2162 566 tamen

258 609 393 659 gestas
423 602 545 641 altius
578 600 697 640 etiam
729 599 835 639 tollit
868 598 1082 649 laudibus,
1115 610 1238 652 quam
1268 596 1408 635 literas
1438 602 1560 650 atque
1591 594 1890 648 eruditionem3
1936 610 1987 636 ne
2017 597 2160 645 multa,

259 675 585 729 quotiescunque
609 686 683 725 per
704 671 958 710 occasionem
984 670 1075 709 fieri
1099 669 1256 722 potnit,
1292 668 1491 720 principis
1521 668 1674 720 gloriae
1702 666 1814 706 dedit
1839 681 2021 720 operam·
2080 667 2162 705 lam

258 757 354 782 vero
390 740 657 796 philosophos
699 754 865 795 quoque
908 738 1009 779 urbe
1051 740 1226 779 extrusit
1259 739 1544 789 Domitianus,
1594 738 1746 793 quibus
1787 744 1925 776 noster
1961 743 2164 791 perpetuo

256 813 500 854 obtrectavit
530 826 621 852 cum
650 814 817 864 propter
846 809 1144 864 neglectionem
1175 808 1443 863 reipublicae,
1479 816 1563 849 tum
1590 810 1686 864 quia
1719 823 1802 849 non
1830 810 1977 848 virtute
2003 823 2051 849 ac
2079 816 2163 848 stu-

260 885 340 926 diis
380 884 637 935 laborarent,
682 889 729 923 ut
753 881 1005 922 haberentur
1032 880 1298 935 philosophi,
1342 881 1412 921 sed
1446 881 1604 921 vultum
1631 887 1671 921 ct
1700 881 1906 920 tristitiam
1938 887 1978 920 et
2008 879 2163 920 dissen-

258 957 424 996 tientem
455 970 478 994 a
505 955 652 995 ceteris
692 951 876 992 habitum
917 952 1107 1006 pessimis
1147 951 1331 992 moribus
1380 952 1695 1006 praetenderent
1716 953 1789 1009 ²l).
1867 956 1985 992 Anne
2028 959 2163 1005 putaS,

258 1026 298 1066 id
341 1040 438 1067 casu
476 1025 651 1081 quodam
684 1024 986 1078 Quintilianum
1018 1022 1274 1079 neglexisse,
1322 1037 1457 1063 rerum
1495 1037 1519 1063 a
1551 1023 1787 1066 Domitiano
1822 1030 2027 1079 gestarum
2065 1022 2166 1062 alias

258 1097 369 1138 haud
408 1096 721 1137 immemorem?
811 1096 931 1136 Certe
982 1096 1140 1136 occasio
1158 1122 1171 1145 ,
1236 1108 1286 1134 ne
1337 1093 1467 1134 dicam
1512 1096 1732 1135 necessitas
1785 1094 2035 1135 memorandi
2083 1094 2163 1134 fre—

259 1173 433 1223 quenter
474 1167 635 1217 adfuit,
684 1174 724 1206 et
760 1165 833 1205 ubi
875 1180 1073 1205 summam
1108 1172 1207 1204 tunc
1245 1165 1585 1219 philosophorum
1623 1168 1929 1220 perversitatem
1963 1168 2006 1204 in
2037 1173 2165 1205 totum

259 1239 518 1293 perstrinxit,
564 1243 605 1277 et
634 1237 699 1278 vel
730 1238 902 1277 maxime
944 1238 986 1276 in
1017 1237 1149 1289 capite
1176 1234 1335 1275 decimo
1366 1241 1482 1275 sexto
1512 1234 1608 1275 libri
1639 1236 1836 1287 secundi,
1876 1235 1949 1276 ubi
1975 1237 2052 1286 iis,
2094 1238 2166 1291 qui

257 1312 301 1349 in
334 1314 462 1350 artem
498 1308 745 1349 rhetoricam
782 1307 923 1348 invehi
961 1305 1150 1347 solebant
1182 1312 1305 1360 atque
1336 1305 1513 1360 exempli
1552 1308 1681 1361 gratia
1713 1322 1823 1349 nunc
1850 1307 2163 1359 enumerabant,

259 1381 332 1437 qui
369 1379 601 1436 perniciosa
634 1394 718 1421 non
756 1378 932 1435 singulis
970 1384 1156 1430 tantum,
1204 1375 1278 1418 sed
1307 1375 1430 1418 rebus
1457 1377 1578 1418 etiam
1617 1376 1793 1433 publicis
1829 1379 1893 1419 nsi
1931 1378 2164 1435 eloquentia

258 1452 493 1493 turbassent
532 1452 755 1491 civitatium
798 1456 928 1490 status
970 1450 1037 1490 vel
1076 1450 1347 1499 evertissent,
1391 1463 1503 1489 nunc
1543 1449 1958 1490 Lacedaemoniorum
2002 1451 2165 1490 civitate

259 1522 470 1578 expulsam
518 1536 606 1562 eam
649 1520 843 1571 aiebant,
905 1521 1151 1562 defensurus
1192 1521 1415 1575 opposuit,
1467 1520 1591 1561 rebus
1643 1521 1872 1561 utilissimis
1923 1521 2159 1577 quibusque

260 1600 301 1635 et
330 1594 495 1650 optimis
524 1591 712 1632 homines
742 1591 847 1632 male
878 1593 962 1644 uti,
1007 1607 1055 1633 eo
1095 1598 1231 1632 tamen
1262 1592 1372 1647 ipsas
1402 1605 1485 1631 non
1526 1590 1696 1633 evadere
1722 1591 1873 1646 malas3
1916 1593 1976 1634 sic
2009 1593 2053 1633 in
2094 1593 2163 1644 iis,

261 1667 334 1720 qui
363 1663 702 1719 philosophorum
733 1665 899 1705 nomine
925 1664 1031 1704 male
1059 1668 1297 1713 uterentur,
1327 1664 1567 1718 gravissima
1595 1678 1891 1719 nonnunquam
1915 1663 2167 1718 deprehendi

260 1736 431 1791 flagitia,
463 1736 550 1790 ipsa
582 1734 841 1789 philosophia
870 1734 1111 1789 dignitatem
1141 1747 1256 1772 suam
1287 1739 1408 1788 atque
1439 1734 1715 1789 integritatem
1746 1735 1962 1781 retinente.
2025 1733 2166 1787 Quid?

261 1804 373 1862 quod
410 1811 625 1845 memorata
665 1804 1003 1858 philosophorum
1037 1802 1279 1858 expulsione
1315 1817 1398 1843 non
1437 1802 1568 1843 solum
1604 1804 1774 1859 gratiam
1806 1803 1885 1844 sibi
1914 1804 2023 1859 apud
2053 1805 2164 1860 prin-

261 1878 421 1931 cipem,
466 1876 538 1916 sed
576 1877 856 1915 auctoritatem
899 1889 1063 1929 quoque
1100 1873 1306 1928 publicam
1337 1888 1434 1914 suae
1465 1875 1514 1914 de
1544 1876 1804 1930 philosophis
1832 1877 2019 1930 opinioni
2051 1890 2165 1930 para-

261 1948 403 1989 visset.
466 1946 545 1988 Cui
574 1947 681 1987 enim
708 1944 759 1986 de
788 1960 832 1986 re
861 1946 1039 2000 principi
1068 1944 1237 2000 probata
1267 1950 1365 1985 tune
1396 1943 1561 2000 quidem
1592 1961 1676 1987 non
1707 1944 2011 2001 persuadebat?
2085 1946 2165 1987 lta-

263 2033 342 2074 que
370 2019 522 2059 certius
552 2023 637 2067 est,
671 2031 791 2072 quam
823 2016 1115 2068 verisimilius,
1145 2016 1274 2057 libros
1306 2016 1356 2057 de
1387 2017 1645 2058 institutione
1675 2019 1848 2058 oratoria
1874 2019 2048 2072 scriptos
2079 2032 2168 2059 esse

262 2094 356 2129 ante
385 2087 579 2143 expulsos
608 2085 892 2141 philosophos.
980 2085 1238 2142 Quamquam
1276 2088 1381 2128 illud
1420 2087 1531 2128 haud
1561 2090 1822 2145 negaverim,
1867 2089 2092 2128 Domitiani
2122 2090 2165 2128 in

263 2160 527 2214 philosophos
556 2158 694 2199 odium
725 2157 1007 2210 Quintiliano,
1038 2173 1165 2213 quum
1196 2158 1415 2210 scriberet,
1448 2160 1528 2198 iam
1557 2160 1685 2200 fuisse
1716 2161 1939 2215 cognitum.

454 2230 519 2269 Ad
543 2230 711 2270 alteram
742 2235 995 2268 transeamus
1025 2243 1225 2268 caussam.
1290 2229 1338 2268 ln
1366 2231 1575 2283 prooemio
1601 2229 1695 2269 libri
1723 2230 1856 2284 quarti
1882 2228 2165 2281 Quintilianus

263 2315 409 2343 novam
439 2301 496 2341 ait
525 2300 747 2357 dilgentiae
776 2313 960 2340 caussam
992 2306 1031 2340 et
1060 2299 1245 2341 altiorem
1276 2298 1624 2352 sollicitudinem,
1658 2300 1777 2357 quale
1808 2300 2004 2342 iudicium
2036 2300 2163 2340 homi-

263 2387 362 2412 num
392 2379 666 2423 emereretur,
699 2371 779 2411 sihi
807 2372 1049 2421 accessisse,
1093 2387 1219 2426 quum
1250 2371 1511 2412 Domitianus
1543 2375 1759 2428 Augustus
1789 2375 1943 2413 sororis
1966 2387 2062 2411 suae
2093 2386 2162 2412 ne-

264 2448 405 2498 potum
435 2442 516 2483 sibi
545 2441 771 2496 delegasset
800 2455 953 2483 curam.
1018 2442 1105 2481 Hos
1133 2441 1264 2482 Flavii
1297 2442 1522 2485 Clementis
1547 2444 1654 2484 filios
1683 2445 1811 2485 fuisse
1844 2451 1885 2484 et
1910 2442 2162 2489 Domitillae,

294 2622 343 2658 17)
382 2618 514 2649 Hieron.
535 2619 568 2649 in
588 2620 706 2651 Euseb.
729 2622 836 2652 chron.
859 2622 901 2651 ad
923 2621 975 2652 ol.
997 2622 1075 2657 216,
1097 2621 1124 2651 2.

293 2689 342 2721 18)
382 2687 460 2718 lust.
484 2694 564 2718 orat.
585 2689 622 2723 4,
644 2698 786 2727 prooem.
809 2691 838 2719 5.
1236 2689 1286 2723 19)
1327 2689 1403 2720 Inst.
1425 2694 1503 2720 orat.
1524 2690 1560 2722 4,
1588 2697 1726 2726 prooem.
1747 2690 1775 2719 3·

295 2753 346 2787 20)
386 2752 466 2784 Inst-
488 2759 568 2783 orat.
590 2754 627 2790 4,
650 2762 792 2792 prooem.
814 2756 842 2785 3.
888 2756 941 2792 10,
964 2757 999 2791 1,
1020 2756 1069 2785 91.
1232 2753 1283 2791 21)
1326 2754 1402 2785 inst·
1424 2760 1504 2786 orat.
1528 2755 1579 2789 12.
1602 2755 1638 2789 2,
1658 2755 1678 2785 6
1694 2763 1741 2792 sq.
1786 2755 1812 2791 1,
1834 2762 1972 2793 prooem.
2000 2755 2046 2784 15.
